3246 5328
311 353 352 414 58
557 357 589 408 ln
609 355 684 408 locos
697 355 804 426 aliquot
819 352 948 422 Aeschyli
964 353 1198 423 Choephorarum.

310 533 429 604 perest,
454 533 488 584 ut
501 544 641 584 moneam
659 522 882 597 excubitorem,
898 541 992 580 unum
1011 519 1050 580 de
1065 520 1183 580 familia
1198 518 1446 598 Agamemnonis,

310 620 356 670 tot
344 613 404 670 tius
425 607 575 684 familiae,
596 628 779 688 praeconem
797 607 932 666 universi
955 607 1109 666 exercitus
1126 606 1225 664 vicem
1239 606 1383 682 implere,
1401 608 1446 666 in-

311 695 526 774 troductusque
543 713 610 752 esse
627 692 665 752 ab
684 692 842 772 Aeschylo
855 691 1021 772 praecipue
1037 712 1073 750 eo
1089 691 1234 764 consilio,
1251 698 1286 748 ut
1298 699 1445 750 utrorum-

311 802 372 860 que
387 789 418 839 ct
440 779 577 839 familiae
594 777 831 877 Agamemnonis
848 787 878 837 et
893 777 1047 836 exercitus
1062 784 1195 836 mentem
1211 784 1242 834 et
1257 775 1447 835 voluntatem

311 859 513 937 describeret,
543 863 689 941 imprimis
717 872 834 938 antem,
862 861 937 944 quid
962 861 1000 921 da
1028 861 1261 940 Agamemnone
1287 862 1446 935 sentirent,

311 949 473 1014 audientes
492 946 680 1026 edoceret¹).

835 1317 913 1400 III.

421 1475 467 1546 In
488 1473 589 1546 locos
615 1469 761 1564 aliquot
780 1469 962 1565 Aeschyli
984 1468 1338 1564 choephorarom*).

374 1729 464 1808 Quae
480 1730 512 1787 in
528 1727 681 1806 Aeschyli
696 1725 885 1803 Ohoephoris
901 1745 1069 1804 permagna
1086 1736 1156 1786 sunt
1174 1727 1343 1804 scripturae
1359 1726 1445 1800 vitia,

311 1817 377 1876 fere
393 1815 492 1873 omnia
509 1834 545 1873 eo
567 1815 652 1872 tonte
666 1811 890 1890 profluxerunt,
914 1811 997 1891 quod
1011 1812 1089 1871 liber
1103 1814 1328 1890 manuscriptus
1347 1811 1446 1870 literis

312 1901 489 1980 inquinatus
504 1899 611 1972 fuerit,
634 1917 714 1976 quae
735 1917 754 1954 a
769 1895 894 1955 librario
910 1897 973 1974 legi
986 1898 1198 1976 nequiverint3
1216 1897 1364 1976 perpauci
1386 1897 1446 1955 loci
1490 1937 1494 1952 .

311 1994 395 2059 sunt,
419 2003 495 2064 quos
510 1983 583 2042 data
601 2002 693 2060 opera
714 1981 753 2040 ab
770 1981 987 2060 interpolatore
1001 1984 1124 2042 vitiatos
1138 1991 1272 2061 putares.
1302 1981 1373 2060 Quo
1390 1981 1445 2039 mi-

310 2092 368 2130 nus
392 2068 619 2148 desperandum
642 2075 689 2126 est
709 2066 819 2126 multos
841 2067 939 2142 locos,
964 2069 1017 2147 qui
1038 2068 1138 2127 adhuc
1162 2067 1298 2133 tenebris
1315 2067 1445 2126 involuti

312 2158 448 2228 iaceant,
470 2153 624 2232 probabili
652 2152 829 2211 coniectura
850 2154 952 2211 sanari
972 2173 1071 2231 posse.
1106 2153 1172 2212 Alii
1193 2163 1264 2213 sunt
1284 2153 1346 2211 loci
1368 2151 1445 2210 adeo

311 2241 488 2320 depravati,
505 2247 538 2297 ut
552 2257 657 2297 veram
671 2237 744 2296 lect
722 2245 836 2296 tronem
849 2255 1015 2314 agnoscere
1033 2259 1094 2298 non
1108 2239 1202 2298 liceat
1209 2257 1362 2318 ,quorum
1377 2257 1444 2295 sen-

311 2347 362 2386 sus
379 2345 464 2384 nexu
488 2343 590 2383 eorum
611 2341 691 2401 quae
714 2316 902 2382 antecedunt
922 2331 953 2381 et
974 2333 1142 2402 sequuntur
1161 2343 1313 2402 perpenso
1331 2323 1444 2381 rectius

312 2410 457 2481 constitui
470 2409 581 2488 possit,
598 2427 689 2486 quam
700 2405 801 2466 adhuc
818 2406 933 2464 factum
949 2417 995 2467 est
1006 2408 1045 2467 ab
1061 2408 1124 2468 edit
1126 2409 1237 2469 oribus.
1263 2405 1446 2467 Huiusmodi

313 2495 486 2575 exemplum
503 2493 651 2574 praebere
666 2490 789 2550 videtur
805 2511 834 2550 v.
855 2501 889 2554 59
903 2511 969 2571 sqq.

638 2581 769 2668 ‘Porrr'yd’
788 2588 945 2653 inconcus
956 2593 1043 2654 δίκαν

639 2683 741 2778 ταχεῖα
760 2697 891 2749 τοις
836 2673 891 2754 μὲ
906 2671 996 2738 ἐν
952 2701 1038 2755 φαιι,
1090 2732 1093 2737 .

640 2752 722 2822 rdd’
743 2758 947 2845 ἕνμεταιχμίῳ
962 2757 1069 2824 σκότον

642 2844 723 2946 μένει
738 2847 839 2948 χρονίζ
837 2867 908 2906 οντα
921 2843 1020 2926 βρνει·

642 2922 794 3004 ιονςδ’”
773 2953 919 3010 αιιριινιος
932 2931 990 3012 ἔχει
1004 2926 1067 3006 ννξ

312 3033 370 3091 His
392 3031 493 3091 verbis
513 3034 606 3112 vulgo
625 3035 792 3112 significari
811 3043 920 3113 putant
940 3037 1086 3096 ultionem
1102 3034 1238 3095 divinam
1259 3022 1361 3095 omne‘s
1380 3054 1444 3092 sco-

311 3119 406 3177 lestos
428 3118 594 3196 corripere,
621 3120 698 3179 alios
726 3121 871 3192 celerius,
900 3119 971 3180 dum
1000 3121 1066 3180 dies
1091 3119 1191 3179 adhuc
1219 3121 1337 3192 luceat,
1368 3119 1445 3177 alios

312 3211 414 3262 autem
429 3203 533 3282 paullo
545 3205 641 3264 serius
654 3206 736 3264 cirea
748 3206 970 3284 crepusculum,
986 3207 1063 3264 alios
1078 3225 1152 3264 vero
1167 3205 1219 3265 vel
1233 3204 1333 3264 media
1343 3211 1444 3262 nocte.

311 3287 422 3347 Eidem
439 3289 611 3348 sententiae
634 3291 816 3368 suffragatur
829 3291 1024 3350 Hermannus
1041 3291 1072 3349 in
1090 3288 1264 3350 Observatt.
1279 3311 1308 3368 p.
1330 3298 1372 3362 60,
1392 3288 1445 3346 uhi

311 3381 391 3453 quae
407 3374 503 3432 multa
519 3373 557 3432 de
574 3376 718 3435 orationis
741 3375 913 3436 inversione
933 3375 1032 3455 deque
1055 3395 1171 3434 summa
1186 3375 1276 3434 huius
1291 3374 1354 3432 loci
1367 3375 1399 3432 vi
1414 3374 1445 3432 in

313 3480 349 3518 co
364 3459 479 3536 posita,
496 3459 579 3538 quod
598 3461 746 3520 incertum
769 3481 836 3520 esse
858 3460 991 3536 dicatur,
1017 3481 1076 3542 quo
1091 3461 1160 3538 quis
1178 3469 1313 3538 tempore
1330 3478 1445 3536 poenas

311 3544 463 3604 subiturus
498 3545 553 3620 sit,
581 3545 732 3606 subtiliter
765 3543 920 3623 disputata
950 3547 1108 3624 leguntur,
1142 3565 1205 3604 non
1238 3543 1445 3624 demonstrant

381 3744 407 3808 l)
427 3745 505 3808 Quod
512 3761 606 3818 supra
625 3761 639 3795 e
654 3745 749 3797 codrce
766 3746 937 3796 Parnasiano
951 3762 1045 3797 veram
1061 3745 1207 3796 lectionem
1221 3741 1358 3793 nonnrdlis
1376 3740 1443 3790 locis

308 3814 396 3863 videri
419 3808 618 3864 restituendam
646 3831 705 3866 esse
733 3815 901 3880 significavi,
924 3816 983 3881 eius
1012 3815 1053 3866 rei
1080 3815 1108 3864 in
1132 3814 1184 3863 fine
1207 3810 1444 3862 commentationis

310 3883 463 3960 exemplum
481 3883 582 3932 addere
599 3883 692 3934 liceat.
729 3885 762 3933 V.
779 3884 826 3934 711
847 3884 947 3948 legitur
964 3869 1311 3947 μηλοφόνοισινᾶιοιισιν.
1349 3880 1442 3929 Herm.

308 3941 405 4012 o'c'yurcc
424 3951 558 4010 correxit,
578 3953 625 4000 aed
644 3953 766 4002 invidiae
785 3953 861 4001 notio
885 3952 921 4001 ad
938 3951 1009 4001 huuc
1026 3951 1115 3999 locum
1131 3951 1220 3998 minus
1239 3949 1384 3998 convenire
1404 3948 1444 3998 vi-

262 4054 267 4064 ,
310 4018 399 4068 detur.
428 3987 600 4068 Novissidms
619 4021 722 4080 editor,
741 4022 820 4070 cuius
842 4020 912 4070 libro
932 4022 967 4071 ad
988 4019 1151 4084 Aeschylum
1170 4019 1271 4067 rectius
1290 4017 1444 4084 intelligen-

309 4087 373 4136 dum
391 4086 705 4150 meparnmprosecisse
723 4087 829 4150 fateor,
847 4080 942 4152 ἀγαῖσι
961 4088 1061 4148 edidit;
1081 4089 1246 4148 sedVirum,
1267 4087 1313 4150 qui
1333 4087 1444 4154 longam

309 4156 342 4206 de
360 4155 452 4204 metris
471 4157 726 4206 commentationem
744 4159 914 4238 scripsisset,
934 4159 1048 4223 primam
1064 4159 1124 4208 eius
1140 4157 1217 4209 vocis
1236 4156 1370 4234 syllabam
1382 4173 1444 4223 pro-

309 4225 373 4274 duci
401 4223 492 4273 latuit.
533 4223 617 4274 Farn.
644 4225 765 4289 glossam
792 4221 926 4288 πολέμοις
947 4227 1044 4287 habet3
1073 4227 1145 4277 unde
1170 4243 1232 4277 eum
1254 4218 1370 4292 μάχαισι
1394 4231 1444 4277 aut

306 4287 394 4359 ἀγῶσι
416 4293 517 4358 legisse
541 4297 755 4344 consentaneum
778 4299 836 4356 est,
860 4309 971 4359 quarum
991 4301 1156 4361 postremam
1181 4296 1327 4348 lectionem
1350 4313 1443 4349 veram

308 4379 368 4416 esse
385 4379 440 4414 non
454 4361 560 4413 dubito.

377 4432 404 4499 ²¹⁸)
423 4433 465 4483 Ex
483 4431 695 4486 Zimmermauui
713 4433 790 4484 Diar.
810 4433 904 4499 Antiq.
922 4450 950 4486 a.
967 4433 1211 4488 Mucccxxxvl
1229 4451 1257 4486 n.
1279 4434 1321 4484 70.
