3246 5328
544 411 603 484 ¹De
620 409 750 476 Aeschyli
766 408 973 476 Agamemnone.
1220 405 1226 422 ⁸
1291 411 1328 470 41.

202 579 249 636 nis
264 577 358 636 filiam
382 575 578 647 immolantis,
607 582 769 647 eventura,
796 576 870 653 quia
887 577 988 654 puniri
1012 576 1113 635 soclus
1137 598 1155 635 a
1174 578 1244 636 Diis
1262 597 1332 636 oon-

205 671 385 722 sentaneum
400 663 453 736 sit,
477 661 639 738 significet.
668 659 759 718 Hanc
777 659 813 718 ob
831 680 969 718 caussam
985 661 1070 719 initio
1090 663 1230 720 carminis
1247 683 1332 721 suam

204 747 242 806 ιιι
262 767 376 805 summo
396 767 496 805 rerum
515 745 714 804 humanarum
736 743 940 803 moderamine
963 747 1145 805 sententiam
1166 747 1334 806 narrationi

204 833 384 910 interponit,
402 832 454 910 qui
469 831 553 888 locus
572 830 664 906 longe
685 837 731 887 est
746 830 943 906 gravissimus
964 838 995 888 et
1016 829 1178 906 plurimum
1202 833 1277 890 facit
1292 830 1332 904 agl

201 917 351 976 rationem
366 923 488 995 poetae,
514 934 576 992 qua
597 921 807 990 argumentum
827 923 959 974 tractare
976 913 1122 988 voluerit,
1146 917 1332 994 perspicien-

203 1000 281 1060 dam.
298 1001 469 1058 Iovemt
418 1007 469 1057 eut
472 1019 518 1058 ιιιι
533 998 639 1057 dicens
654 1019 713 1056 non
727 1019 887 1098 personam
903 1000 967 1056 eius
986 1007 1050 1078 myt
1038 999 1166 1072 thica'm,
1182 999 1238 1057 sed
1253 999 1332 1058 ordi·

201 1105 273 1144 nem
287 1085 446 1157 moralem,
469 1104 528 1163 quo
543 1082 672 1142 mundus
683 1092 762 1158 regi
763 1105 811 1156 ur
831 1085 861 1142 in
863 1083 984 1182 etlligit
1000 1082 1050 1140 Ad
1064 1083 1147 1162 quod
1160 1085 1344 1160 srgnrfican·

203 1169 274 1227 dum
291 1167 396 1226 addita
413 1177 482 1226 sunt
470 1167 591 1226 tverba
611 1156 717 1237 Ζειις
708 1161 785 1238 όσιις
806 1187 861 1228 ποι
865 1157 971 1240 ι’σιί,
999 1167 1108 1246 quibus
1129 1187 1332 1247 nequaquam,

203 1262 236 1312 ut
250 1252 442 1311 Blomficldio
456 1251 593 1324 videtur,
609 1272 693 1310 mera
707 1252 855 1332 precandi
870 1252 1000 1310 formula
1014 1252 1192 1312 continetur
1213 1252 1333 1311 Eodem

203 1347 324 1417 spectat
341 1336 445 1394 addita
461 1357 528 1394 cum
544 1297 674 1396 Saiurno
691 1348 721 1396 et
741 1337 847 1397 Urano
868 1338 1069 1415 comparatio,
1092 1357 1167 1415 quos
1189 1337 1333 1396 mundum

174 1415 177 1424 ’
205 1422 333 1482 diversis
350 1442 368 1478 a
384 1421 459 1484 Iove
473 1420 594 1497 legibus
612 1423 729 1482 rexisse
747 1422 849 1480 multis
865 1423 1041 1480 Promethei
1063 1422 1139 1480 locis
1165 1421 1333 1482 indicatum
1406 1433 1408 1438 '

204 1515 260 1566 est.
295 1507 375 1564 Prae
398 1506 527 1564 caeteris
548 1515 650 1564 autern
675 1507 909 1567 tenendumt
863 1517 909 1566 est
936 1507 1044 1566 codem
1064 1527 1173 1580 sensu,
1196 1527 1256 1586 quo
1275 1508 1333 1567 hoc

203 1592 271 1650 loco
290 1591 407 1669 Iupiter
426 1589 683 1664 dicatur,e1am
700 1593 763 1650 alia
776 1591 930 1652 vocabula
946 1612 964 1650 a
984 1592 1074 1650 choro
1088 1593 1174 1684 poni,
1203 1593 1330 1651 factum-

201 1697 261 1754 que
277 1684 323 1734 est
311 1675 426 1734 thuius
445 1676 585 1734 carminis
601 1698 630 1734 v.
649 1684 828 1752 175et,241
848 1687 913 1736 ute
898 1675 1078 1753 ιιδαίμονες
1095 1685 1125 1736 ιι
1141 1665 1220 1734 Δίκα
1235 1699 1331 1736 mora-

202 1762 263 1819 lem
274 1763 504 1832 necessitatem,
530 1781 592 1838 qua
615 1763 789 1822 chorusrcs
799 1762 1217 1840 humanasregiexistimat,
1238 1763 1331 1840 signi-

201 1846 302 1903 licent.
333 1845 437 1904 Verba
460 1845 656 1924 perdifficilia
674 1868 704 1907 v.
729 1857 780 1910 158
797 1868 864 1926 sqq.
888 1847 999 1906 huno'
991 1869 1022 1906 m
1043 1846 1228 1906 modumt
1182 1856 1228 1906 ιιι
1230 1869 1329 1926 erpro-

202 1929 296 1988 tanda
313 1930 499 1988 existimem:
519 1925 629 1989 Omnia
640 1930 834 2010 perpendens
846 1953 906 1992 non
917 1952 1040 2011 possum
1055 1933 1230 2008 excogitare
1242 1953 1331 2011 prae

201 2023 248 2072 ter
262 2014 367 2072 Iovem
385 2013 440 2092 (sc.
460 2014 539 2074 arbit
527 2013 633 2091 trum),
655 2037 695 2074 an
711 2017 819 2074 inutile
836 2037 974 2076 curarum
990 2036 1124 2074 mearum
1143 2016 1262 2094 pondus
1279 2017 1330 2076 ab·

203 2097 367 2156 iioiendum
383 2099 436 2174 sit,
458 2099 488 2156 h.
510 2119 536 2157 e.
552 2100 613 2157 nisi
629 2102 809 2179 comparatis
832 2102 996 2180 supremis,
1020 2099 1130 2178 quibus
1154 2121 1203 2159 res
1225 2101 1331 2159 huma·

201 2203 260 2240 nae
280 2191 441 2260 reguntur,
466 2183 602 2259 legibus3
631 2194 736 2243 contra
757 2205 833 2262 quas
861 2187 887 2243 si
907 2185 1119 2262 Agamemnon
1145 2187 1331 2263 peccaverit,

204 2287 333 2345 poenam
349 2269 377 2324 ei
392 2269 556 2344 irrogatum
572 2269 609 2325 iri
625 2270 788 2329 existimat.
819 2271 937 2348 Iupiter
956 2270 1036 2328 enim
1053 2267 1084 2327 id
1099 2269 1176 2344 egit,
1194 2278 1228 2327 ut
1243 2271 1331 2328 malis

205 2350 359 2424 emendet,
382 2359 493 2414 v.170.
533 2351 621 2428 Quae
644 2363 746 2414 autem
774 2355 855 2413 mala
883 2353 1123 2432 Agamemnonis
1149 2355 1257 2412 chorus
1283 2354 1331 2412 his

204 2433 305 2493 verbis
327 2435 501 2511 significat?
541 2437 622 2496 Num
645 2440 756 2498 malum
778 2439 1002 2516 Agamemnoni
1022 2437 1207 2497 immolanda
1227 2439 1292 2498 filia
1313 2460 1331 2497 a

203 2519 279 2578 Iove
295 2519 463 2578 inflictum?
492 2522 634 2598 Minime;
657 2524 860 2601 intelligenda
874 2533 945 2584 sunt
958 2524 1040 2584 mala
1055 2523 1091 2582 ob
1110 2525 1211 2582 scelus
1228 2525 1329 2582 immo-

204 2604 269 2662 lata
283 2603 348 2662 filia
365 2605 554 2664 commissum
577 2607 756 2684 infligenda,
787 2609 868 2688 quod
891 2631 958 2668 cum
978 2629 1077 2668 nexus
1099 2607 1159 2666 loci
1180 2607 1329 2681 ostendat,

204 2696 267 2746 ιιιιιι
291 2709 364 2748 vero
387 2689 554 2748 certissimo
575 2701 750 2767 argumento
771 2715 809 2753 ex
828 2695 1051 2774 comparatione
1072 2715 1102 2752 v.
1125 2702 1174 2754 241
1193 2702 1330 2771 apparet,

203 2774 409 2852 quemlocum
426 2793 494 2832 mox
515 2775 721 2836 tractabimus.
750 2780 788 2840 V.
810 2788 861 2842 172
884 2779 1091 2839 conscientiae
1114 2799 1256 2856 angorem
1277 2777 1328 2836 ιιι-

204 2858 393 2937 scribit,an
384 2857 621 2919 recordatione
636 2862 782 2922 malorum
797 2865 871 2924 vel
862 2867 926 2924 mvi
928 2873 974 2924 tos
991 2884 1099 2944 sapere
1114 2872 1211 2954 cogat.
1249 2865 1333 2922 Dein

204 2952 372 3022 sequuntur
382 2942 492 3002 verba:

473 3050 635 3136 Δαιμονων
651 3055 683 3116 ιιέ
698 3079 756 3117 που
771 3054 853 3138 χάρις
867 3062 972 3139 βιαίως

471 3142 570 3221 Σέιμα
586 3131 694 3221 σεμνὸν
708 3133 834 3220 ἡμένων.

204 3260 294 3358 Quae
305 3262 400 3321 verba
415 3264 458 3320 ita
473 3263 504 3318 in
506 3269 640 3340 terprcta
642 3270 689 3320 tus
707 3282 804 3335 eram,
822 3271 855 3320 ιιι
867 3282 925 3320 που
939 3285 1001 3322 non
1013 3266 1078 3324 sine
1094 3267 1192 3324 ironia
1208 3263 1330 3338 dictum,

204 3337 288 3422 χάρις
306 3355 407 3404 autern
425 3355 456 3403 et
476 3344 579 3420 βιαίως
602 3345 661 3402 sibi
680 3348 820 3444 opposita
839 3343 992 3446 putarem:
1022 3350 1080 3407 Est
1099 3370 1172 3408 sane
1194 3313 1330 3408 Deoruni

204 3437 272 3506 gra
273 3450 318 3504 ιι
347 3448 530 3508 quamquam
552 3429 717 3487 violento
709 3451 740 3488 m
759 3429 925 3488 homines
917 3434 1042 3508 rmperio
1067 3442 1153 3491 utent
1152 3435 1225 3490 ium
1267 3435 1330 3492 sed

174 3527 178 3536 ‘
203 3523 304 3587 recte,
327 3522 362 3572 ut
375 3513 449 3570 mihi
463 3511 597 3584 videtur,
621 3513 677 3572 Vir
693 3515 766 3572 mihi
782 3516 981 3572 amicissimus
997 3515 1056 3572 Ad.
1075 3517 1235 3592 Emperius
1252 3515 1330 3574 vidit

204 3597 264 3656 ποῦ
278 3595 472 3657 scribendum
489 3615 572 3670 esse3
596 3594 699 3671 βιαίως
716 3599 795 3656 enim
812 3598 850 3656 de
867 3600 904 3656 iis
924 3598 1048 3669 dicitur,
1066 3618 1145 3675 quae
1163 3599 1329 3656 contraius

203 3685 313 3762 fasque
325 3685 409 3742 fiunt.
388 3682 592 3754 ι,,ι)ιοιιιιιι
607 3701 687 3759 quae
700 3691 781 3740 esset
791 3691 859 3758 grat
861 3683 890 3740 ιι
906 3683 971 3740 sine
986 3681 1056 3758 lege
1073 3681 1328 3757 ιιιιριιιιιιιιιιιιιιι

204 3789 284 3847 quac
298 3766 477 3846 peregregie
499 3784 567 3822 cum
584 3767 620 3823 iis
638 3767 819 3824 conveniunt
828 3766 960 3861 ,quibus
977 3766 1194 3823 sententiarum
1215 3783 1329 3825 nexum

204 3854 352 3911 contineri
367 3851 479 3909 monui.
507 3847 554 3910 Of.
571 3849 697 3910 Hesiod.
715 3870 784 3928 opp.
805 3859 854 3912 188
868 3837 938 3907 otte
952 3870 995 3920 τις
1010 3839 1135 3928 εὐόρκου
1150 3840 1234 3924 χάρις
1249 3845 1328 3908 ἕσσε·
1388 3849 1390 3851 ’

201 3957 264 4012 ται,
286 3927 492 3996 costamine.

265 4038 324 4096 His
338 4037 513 4115 praemissis
530 4035 638 4094 chorus
656 4034 887 4093 immolationem
908 4033 1089 4112 Iphigeniae
1105 4054 1227 4094 narrare
1245 4057 1329 4094 orsus

203 4141 262 4178 non
278 4119 454 4180 Calchantis
468 4119 597 4194 iudicio,
615 4119 669 4178 sed
687 4139 762 4197 quas
776 4121 842 4197 ipse
858 4120 1016 4196 praefatus
1033 4127 1093 4192 ιιι,
1115 4121 1238 4178 summis
1252 4121 1327 4196 legi-

204 4204 260 4262 bus
275 4206 393 4262 facinus
409 4205 648 4281 Agamemnonis
665 4202 821 4262 diiudicat.
866 4203 963 4278 Igitur
977 4211 1138 4282 postquam
1155 4205 1256 4262 multis
1277 4205 1327 4262 iis·
1401 4215 1403 4219 '

203 4309 263 4368 que
283 4289 494 4365 pulcherrimis
512 4289 613 4347 verbis
635 4288 776 4346 miseram
797 4286 983 4345 Graecorum
1004 4289 1036 4345 in
1058 4287 1173 4346 Aulide
1194 4296 1327 4346 retento-

203 4393 269 4430 rum
286 4371 487 4430 conditionem
504 4372 678 4450 descripsit,
704 4372 811 4429 hiemis
833 4379 1054 4451 ventorumque
1075 4372 1179 4430 florem
1196 4371 1327 4430 Graeco-

202 4477 267 4514 rum
283 4457 503 4516 conterentium
514 4457 703 4514 atrocitatem
718 4475 785 4513 cum
802 4454 897 4512 multo
910 4457 1046 4528 maiore,
1056 4475 1147 4534 quam
1162 4454 1328 4532 descriptu-
