3246 5328
293 340 334 400 40
652 341 694 392 De
710 339 837 416 Aeschyli
854 338 1063 410 Agamemnone.

294 509 346 587 qui
361 527 420 586 quo
436 505 504 564 loco
523 506 633 564 silvam
647 503 805 587 subiisset,
823 525 859 564 eo
874 505 942 564 loco
956 505 1062 564 urbem
1074 527 1141 566 esse
1158 506 1321 566 conditam.
1354 505 1425 565 Cal·

294 593 367 651 chas
385 589 557 650 vaticinans
570 589 618 648 his
636 587 738 646 verbis
755 589 861 648 utitur:

508 703 592 788 Οἴκῳ
606 695 663 784 γάρ
678 697 988 802 ἕπίφθον9ς’Ἁρτεμις
1001 696 1096 786 ἆγνά,

462 791 628 849 Πτανοῖσιν
643 785 711 847 κυσὶ
726 808 851 864 acopos,

374 870 378 878 ’
461 865 633 934 Αὐτότοκον
644 863 702 952 πρὸ
715 864 803 950 λόχου
814 861 942 952 μογερὰν
953 867 1051 933 πτάκα
1062 874 1265 954 θυομένοισιν.

298 999 366 1075 Quo
381 998 449 1055 loco
463 985 545 1064 οἶκος
560 992 599 1052 de
615 991 703 1051 domo
721 991 964 1068 Agamemnonis
983 991 1110 1068 dictum;
1129 994 1263 1052 dativum
1278 995 1346 1054 κυσί
1359 1017 1426 1078 sqq.

298 1084 324 1141 si
342 1100 469 1140 caussae
490 1075 716 1154 significandae
732 1077 879 1135 inservire
896 1084 1000 1154 putas,
1023 1077 1065 1135 ita
1084 1076 1145 1136 dici
1167 1099 1294 1138 necesse
1312 1089 1372 1154 est,
1395 1090 1428 1140 ut

298 1165 429 1227 Calchas
447 1182 485 1221 ex
502 1163 567 1220 fetu
584 1161 621 1218 ab
637 1161 748 1239 aquilis
763 1169 870 1219 vorate
886 1162 961 1217 iram
976 1161 1064 1219 Deae
1079 1183 1111 1220 se
1128 1163 1318 1222 intellexisse
1336 1165 1428 1242 signi-

297 1253 378 1310 ficet.
416 1246 515 1309 Nihili
539 1247 621 1303 enim
645 1253 704 1316 est,
727 1244 810 1323 quod
833 1245 1030 1303 Wellauerus
1054 1247 1282 1323 interpretatur:
1307 1257 1430 1327 propter

300 1335 400 1392 alatos
415 1331 510 1411 patris
527 1349 634 1402 canes,
651 1331 671 1387 i.
687 1349 714 1387 e.
728 1338 852 1407 propter
872 1329 971 1388 scelus
988 1328 1025 1386 ab
1045 1329 1276 1407 Agamemnone
1293 1333 1428 1391 commis-

299 1439 374 1478 sum.
405 1416 469 1478 Sed
484 1424 642 1495 praestare
662 1412 784 1472 videtur
805 1414 867 1472 alia
889 1414 1070 1492 explicatio,
1097 1435 1158 1493 qua
1177 1415 1247 1474 κυσί
1260 1418 1431 1495 appositum

302 1505 341 1562 sit
357 1501 395 1560 ad
410 1498 503 1582 οἴκῳ,
519 1500 666 1558 sermonis
681 1497 897 1557 obscuritatem
913 1507 1028 1571 autem,
1044 1519 1123 1577 quae
1142 1499 1173 1556 in
1185 1501 1315 1559 oraculis
1331 1503 1431 1560 inesse

300 1588 392 1660 solet,
416 1594 508 1664 poeta
522 1584 566 1642 ita
581 1585 620 1644 sit
641 1583 788 1656 imitatus,
811 1592 845 1641 ut
865 1584 1027 1660 imaginem
1047 1584 1145 1663 ipsam
1164 1605 1219 1662 pro
1240 1586 1293 1658 iis,
1316 1587 1367 1664 qui
1394 1606 1432 1644 ea

301 1672 433 1748 imagine
454 1669 678 1746 significantur,
699 1668 821 1746 ,aquilas
845 1688 898 1746 pro
913 1667 1031 1726 Atridis
1049 1669 1201 1746 posuerit,
1228 1678 1259 1727 ot
1277 1690 1356 1748 quae
1372 1690 1433 1728 una

304 1777 372 1816 esso
387 1753 535 1827 debebat,
554 1755 680 1812 notione
694 1754 726 1810 in
742 1751 818 1811 duas
838 1751 999 1827 distracta,
1016 1751 1121 1824 domo,
1143 1752 1290 1812 videlicet
1305 1753 1433 1827 Atridis,

300 1861 355 1921 pro
375 1838 552 1900 Atridarum
574 1837 662 1896 domo
683 1836 804 1896 dixerit.
840 1836 982 1895 Eandem
1003 1837 1195 1908 oraculorum
1220 1838 1433 1898 obscuritatem

302 1927 335 1984 in
358 1922 550 1984 Cassandrae
571 1921 672 1980 verbis
698 1921 778 1979 infra
802 1940 979 1999 expressam
1005 1921 1160 1996 videmus,
1191 1944 1318 2002 quorum
1343 1945 1434 1982 unum

302 2009 446 2072 laudasse
460 2028 522 2066 non
538 2007 670 2066 alienum
689 2007 760 2081 erit3
788 1999 975 2082 petuiyasporv
996 2007 1075 2065 enim
1098 2029 1127 2068 v.
1152 2018 1220 2070 1098
1244 2009 1434 2068 substantive

302 2116 357 2174 pro
376 2103 464 2152 tauro
483 2091 596 2150 dictum
619 2100 679 2165 est,
709 2091 802 2170 plane
828 2089 936 2148 eodem
961 2091 1064 2167 modo,
1090 2101 1124 2151 ut
1142 2092 1433 2174 PindarustOlymp.

303 2179 395 2248 XIII,
411 2185 446 2240 78
461 2178 494 2235 in
516 2177 639 2235 oraculo
655 2172 840 2251 κραταίποὸα
857 2174 944 2235 dixit.

366 2279 543 2352 Sententia,
568 2296 649 2355 quae
668 2274 793 2334 fabulae
809 2275 934 2335 subesse
952 2276 1108 2336 credenda
1124 2288 1185 2351 est,
1213 2279 1301 2356 quasi
1326 2278 1434 2336 funda·

301 2371 404 2424 mento
428 2363 544 2420 caussis
567 2361 688 2432 nititur,
721 2359 759 2418 ob
782 2380 858 2438 quas
884 2361 1096 2437 Agamemnon
1110 2371 1234 2420 mortem
1250 2363 1433 2422 occubuerit.

304 2452 383 2510 Sunt
402 2455 503 2505 autem
518 2444 673 2522 duplices,
696 2452 838 2518 externa,
862 2464 952 2523 quam
975 2446 1094 2520 dicunt,
1116 2447 1216 2505 scelus
1240 2446 1435 2524 Clytaemne-

303 2543 384 2592 strae
406 2540 437 2590 et
459 2529 616 2607 Aegisthi,
647 2537 678 2587 ct
705 2530 837 2588 morales
858 2534 943 2586 nimie
968 2533 1103 2606 felicitas,
1137 2537 1272 2590 maiorum
1297 2537 1379 2607 culpa
1406 2543 1437 2592 et

302 2621 390 2693 ipsius
404 2618 615 2690 Apamemnonis
628 2617 725 2672 scelus,
751 2614 867 2672 Harum
882 2614 971 2672 trium
987 2635 1162 2674 caussarum
1178 2618 1305 2695 primam
1321 2618 1434 2698 ample-

307 2704 397 2762 ctitur
421 2700 566 2772 Calchas,
590 2699 716 2756 alteram
732 2697 920 2772 Cassandra,
939 2701 1059 2758 tertiam
1076 2701 1194 2760 chorus.
1227 2701 1326 2761 Plane
1342 2702 1433 2760 subli-

303 2807 382 2846 mem
404 2785 484 2842 enim
507 2785 539 2840 in
559 2781 679 2839 medum
701 2790 793 2860 poeta
809 2783 897 2856 fecit,
924 2793 958 2842 ut
972 2785 1083 2862 quibus
1100 2787 1291 2865 opinionibus
1305 2787 1435 2845 imbutos

302 2870 423 2930 videret
439 2869 485 2926 sui
500 2867 643 2945 temporis
658 2866 812 2939 homines,
831 2869 969 2945 quamvis
988 2870 1055 2947 ipse
1070 2891 1132 2928 non
1146 2871 1304 2950 probaret,
1322 2892 1374 2930 eas
1391 2873 1434 2930 ita

308 2953 432 3014 fabulae
447 2953 615 3024 intexeret,
631 2959 667 3008 ut
683 2949 870 3010 audientium
883 2953 975 3010 animi
988 2973 1026 3012 ex
1043 2955 1104 3012 alia
1120 2957 1151 3014 in
1163 2956 1255 3014 aliam
1270 2956 1435 3015 desummo

304 3039 393 3098 sortis
408 3037 560 3095 humanae
576 3034 783 3094 moderamine
800 3037 1016 3114 cogitationem
1033 3039 1112 3098 illati
1126 3049 1279 3119 postremo
1292 3062 1352 3100 non
1367 3063 1434 3120 pos-

306 3132 374 3184 sent
387 3143 449 3181 non
465 3123 497 3179 in
512 3120 636 3179 divinae
650 3121 785 3179 iustitiae
802 3140 892 3180 sensu
906 3125 1113 3200 acquiescere.
1146 3124 1239 3184 Obori
1254 3128 1436 3185 sententiam

306 3219 337 3269 ct
360 3217 470 3287 poetae
492 3204 620 3264 eandem
647 3225 714 3264 esse
742 3214 978 3265 consentaneum
1008 3217 1062 3267 est.
1100 3207 1216 3268 Chorus
1239 3219 1340 3268 autem
1367 3210 1436 3269 Cal-

306 3293 423 3352 chantis
441 3288 672 3352 etCassandrae
687 3291 844 3367 opiniones
857 3300 910 3350 aut
924 3293 1017 3371 plane
1030 3293 1205 3372 impugnat,
1227 3303 1279 3354 aut
1297 3304 1378 3354 certe
1394 3297 1437 3354 ita

308 3378 428 3437 demum
452 3384 540 3455 aptas
568 3395 636 3433 esse
663 3375 809 3449 affirmat,
841 3377 866 3434 si
893 3397 960 3434 cum
984 3378 1101 3436 iustitia
1127 3379 1232 3438 divina
1257 3389 1435 3456 congruant.

306 3461 398 3524 Unde
418 3461 639 3521 sententiarum
655 3479 770 3518 nexum
785 3461 817 3518 in
833 3462 965 3520 carmine
981 3483 1021 3526 V..
1033 3472 1082 3525 155
1097 3483 1164 3543 sqq.
1190 3464 1320 3540 intelligi
1345 3481 1435 3539 posse

306 3569 470 3626 negamus,
490 3547 548 3605 nisi
568 3545 636 3624 quis
652 3545 729 3603 haec
748 3543 787 3603 de
803 3545 892 3604 choro
907 3547 972 3604 sive
986 3556 1088 3624 poeta
1109 3549 1299 3627 popularium
1315 3564 1436 3604 suorum

287 3646 291 3655 “
307 3634 465 3712 opiniones
480 3631 670 3710 improbante
685 3637 799 3688 teneat.

363 3717 531 3794 Postquam
543 3716 676 3774 carmine
692 3713 819 3791 apodico
836 3713 942 3774 chorus
956 3713 1133 3774 Calchantis
1148 3714 1326 3772 vaticinium
1343 3730 1434 3789 expo-

306 3800 376 3871 suit,
389 3802 421 3858 in
435 3801 568 3858 carmine
584 3801 651 3877 ipso
663 3797 845 3876 Iphigeniae
859 3807 1035 3856 narraturus
1051 3798 1241 3871 sacrificium,
1257 3796 1436 3873 interposita

309 3891 355 3940 cst
364 3904 393 3940 v.
404 3881 801 3945 155-176invocatioIovis
813 3901 911 3960 eaque
924 3882 1080 3940 sollemnis
1095 3889 1125 3938 et
1139 3900 1205 3937 cum
1216 3900 1332 3938 summa
1345 3881 1377 3937 vi
1390 3881 1435 3938 fa·

308 3974 367 4037 cta,
376 3974 410 4022 ut
424 3965 567 4023 sublimia
579 3964 1023 4041 proponanturverbadeIovis
1037 3964 1172 4042 imperio,
1185 3984 1246 4042 quo
1256 3965 1392 4024 homines
1406 3974 1437 4023 et

305 4057 394 4124 regat
406 4048 586 4122 etcorrigat.
602 4046 717 4104 Horum
726 4067 824 4105 nexus
833 4048 882 4105 hic
895 4057 956 4105 est:
970 4046 1085 4105 Chorus
1099 4047 1178 4106 curis
1190 4068 1223 4106 se
1237 4050 1310 4126 angi
1321 4051 1435 4127 signifi-

309 4139 371 4195 cat;
389 4131 509 4206 angoris
518 4149 656 4187 caussam
669 4131 769 4207 aperit
779 4129 955 4188 Calchantis
969 4132 1161 4206 vaticinium3
1178 4133 1434 4212 mala,quaeCal·

308 4217 380 4275 chas
396 4215 580 4272 vaticinatus
596 4222 673 4285 erat,
689 4215 798 4290 partim
814 4216 874 4271 iam
891 4224 1033 4273 eventum
1048 4215 1234 4291 habuerant,
1251 4221 1361 4297 partim
1374 4241 1436 4278 non

249 4350 251 4354 .
277 4335 278 4338 =
305 4301 491 4374 habuerant3
506 4317 546 4376 ea
564 4297 663 4354 omnia
679 4295 810 4354 Calchas
826 4297 864 4355 ab
879 4297 997 4356 invidia
1014 4300 1136 4360 Dianae
1152 4301 1290 4363 duxerat.
1321 4303 1436 4363 Chorus

308 4393 412 4446 centra
431 4384 509 4442 haec
525 4383 567 4440 ita
587 4381 712 4439 tractari
726 4381 807 4454 vult,
823 4389 857 4438 ut
871 4383 1011 4443 evenisse
1026 4385 1107 4444 mala
1119 4392 1222 4448 scelera
1232 4388 1435 4466 Agamemno-
