3246 5328
527 463 568 514 De
587 459 716 528 Aeschyli
732 459 945 528 Agamemnone.
1257 467 1297 526 53

165 628 290 686 summis
306 626 442 704 legibus,
453 627 572 709 ¹quibus
586 629 635 686 res
649 627 801 686 humanae
816 635 975 703 regantur,
990 631 1139 708 pendeat,
1155 635 1297 712 gravissi-

167 713 223 772 mis
239 711 340 771 verbis
359 713 500 772 affirmet.
534 712 653 790 Quibus
674 711 777 770 verbis
794 720 923 789 apparet
938 705 1059 774 chorum
1073 717 1162 775 simul
1178 739 1300 796 operam

168 796 256 873 dare,
285 805 320 854 ut
344 796 483 856 diversas
514 797 672 876 opiniones
699 793 856 870 conciliet,
883 796 971 854 simul
993 818 1117 858 monere
1138 801 1299 864 audientes

132 947 134 952 ,
168 902 285 953 eorum,
312 901 392 960 quae
413 882 510 958 primo
527 881 660 938 carmine
678 880 715 939 de
736 879 841 938 divina
856 880 974 939 iustitia
993 886 1190 958 proposuerit.
1226 886 1299 964 Oly-

165 973 364 1040 taemnestra,
382 985 441 1044 quo
455 966 552 1041 magis
570 966 754 1023 sententiam
771 985 856 1022 suam
879 963 917 1022 de
938 984 1038 1024 rerum
1052 985 1136 1024 nexu
1148 968 1238 1027 fatali
1254 971 1299 1028 in·

167 1051 283 1123 culcet,
308 1049 348 1107 ad
370 1049 461 1107 Atrei
481 1049 581 1108 scelus
597 1055 756 1127 provocat,
781 1049 888 1108 chorus
902 1069 1015 1108 nexum
1033 1069 1134 1108 eorum
1150 1053 1300 1112 scelerum

158 1134 312 1210 agnoscit,
325 1133 555 1194 excusationem
567 1132 638 1191 inde
652 1134 768 1191 nullam
780 1132 921 1193 admittit.
948 1135 1089 1194 Iamvero
1103 1133 1298 1215 Clytaemne-

167 1227 229 1277 stra
244 1216 284 1274 ad
299 1218 491 1295 Iphigeniam
506 1227 667 1295 provocat;
685 1218 768 1277 cuius
790 1237 881 1298 quum
896 1217 1067 1278 admonitus
1084 1231 1166 1280 esset
1181 1222 1298 1296 chorus,

167 1301 241 1382 quid
259 1301 354 1377 dicat,
379 1322 438 1382 quo
461 1324 493 1362 se
514 1309 630 1377 vertat,
652 1303 760 1362 nescit.
795 1302 1034 1379 Agamemnonis
1058 1305 1172 1364 crimen
1190 1309 1299 1384 negari

164 1388 288 1468 nequit,
317 1386 373 1445 sed
398 1386 663 1465 Clytaemnestrae
691 1388 782 1465 culpa
807 1406 876 1464 par,
901 1388 953 1446 vel
977 1389 1081 1448 maior.
1124 1388 1202 1450 Inde
1224 1391 1298 1470 quid

165 1482 329 1550 auguratur
342 1472 401 1531 nisi
420 1473 547 1531 exitium
568 1471 688 1546 domus,
706 1472 822 1547 nescit;
843 1492 933 1551 quem
953 1473 1033 1530 enim
1052 1474 1143 1532 finem
1158 1475 1298 1539 caedium

165 1557 350 1616 alternarum
364 1556 520 1617 futurum?
552 1556 621 1616 Hoc
635 1576 812 1634 persuasum
827 1555 920 1614 habet
939 1556 1021 1629 fore,
1040 1565 1157 1616 atreus
1181 1560 1296 1637 suppli·

166 1642 244 1700 cium
255 1662 317 1699 non
330 1640 463 1719 effugiat.
496 1640 615 1717 Μίμνει
632 1636 664 1700 δὲ
678 1639 837 1718 μίμνοντος
851 1635 883 1696 ἐν
897 1631 994 1722 χρόνῳ
1015 1631 1103 1715 Διός,
1121 1645 1233 1700 παθεῖν
1246 1633 1297 1702 cdv

164 1723 294 1800 ἔρξαντα.
330 1725 471 1804 Apparet
491 1727 569 1785 haec
585 1727 628 1784 ita
647 1725 732 1810 dici,
743 1735 777 1784 ut
800 1724 961 1784 audientes
979 1724 1018 1783 ad
1033 1736 1198 1806 sequentes
1213 1729 1296 1789 trilo-

163 1813 233 1888 giae
256 1809 376 1869 fabulas
398 1810 597 1888 delegentur,
618 1809 662 1868 ibi
686 1810 844 1870 conciliari
866 1829 885 1868 a
908 1818 1019 1887 poeta,
1043 1811 1068 1868 si
1089 1831 1169 1890 quae
1191 1813 1222 1872 in
1238 1814 1296 1873 hac

164 1895 269 1953 fabula
285 1893 378 1952 dubia
392 1903 581 1955 remaneant.
1203 1906 1205 1910 '

146 2033 150 2041 .
226 1978 290 2039 Sed
300 1978 378 2036 haec
390 1978 429 2036 de
442 1980 534 2038 choro
545 1980 703 2038 hactenus.
729 1978 778 2036 De
789 1976 1044 2057 Clytaemnestra,
1057 1977 1296 2054 Agamemnone,

164 2061 353 2134 Cassandra,
373 2060 522 2138 Aegistho
550 2072 580 2121 et
606 2062 630 2119 si
656 2081 735 2140 quae
759 2061 821 2118 alia
841 2060 994 2118 monenda
1014 2060 1212 2134 videbuntur,
1235 2064 1297 2120 alio

163 2147 230 2204 loco
253 2164 412 2222 exponam.
448 2147 518 2204 Hoc
535 2147 601 2204 loco
617 2144 656 2202 de
673 2143 850 2203 excubitare
866 2153 897 2203 et
910 2163 1065 2221 praecone
1080 2146 1227 2204 nonnulla
1243 2147 1296 2205 ad-

164 2229 279 2292 didisse
295 2227 436 2289 sufficiat.

622 2387 828 2394 *ιι-μη...-

403 2581 447 2641 De
468 2579 655 2643 excubitoris
675 2584 708 2642 et
724 2581 885 2658 praeconis
905 2533 1051 2660 personis.

637 2726 817 2735 —0———n-

223 2823 377 2890 Summam
395 2822 474 2880 inter
487 2819 679 2900 Aeschylum
699 2829 730 2879 et
744 2821 982 2898 Shakspearium
1002 2823 1096 2882 fuisse
1113 2823 1228 2899 ingenii
1247 2825 1292 2882 af·
1379 2883 1381 2888 ,

159 2908 306 2966 finitatem
329 2926 420 2985 quum
440 2907 593 2965 neminem
614 2907 711 2965 latere
737 2915 845 2985 queat,
868 2907 920 2986 qui
935 2908 1093 2987 utriusque
1110 2908 1223 2984 scripta
1241 2908 1295 2968 vel

159 2991 270 3050 leviter
286 2989 474 3066 degustavit,
490 2989 584 3049 iidem
602 2990 724 3049 differre
741 3010 927 3070 magnopere
941 2990 1041 3050 videri
1058 3002 1193 3070 possunt,
1212 2991 1293 3072 quod

158 3083 270 3155 poetae
289 3073 429 3132 Britanni
441 3057 528 3132 nulla
545 3083 591 3133 est
605 3074 771 3156 tragoedia,
788 3077 861 3154 quin
873 3085 1007 3135 summae
1023 3076 1202 3135 sublimitati
1214 3097 1292 3135 sum·

158 3180 238 3218 mam
260 3159 458 3216 festivitatem
485 3160 690 3218 intermixtam
715 3160 866 3236 reperias;
894 3158 1093 3219 festivitatem
1122 3160 1205 3234 dico‘,
1230 3182 1292 3220 non

159 3263 238 3326 quae
254 3243 434 3301 comicorum
448 3245 580 3322 propria,
598 3263 780 3322 quocunque
796 3243 929 3316 libuerit,
944 3244 1063 3304 facetiis
1079 3245 1205 3304 liberius
1221 3265 1291 3304 eva-

158 3337 261 3406 gatur,
279 3325 333 3386 sed
346 3335 473 3404 angusto
489 3328 584 3387 limite
601 3328 870 3403 circumscriptam,
890 3336 924 3386 ut
936 3330 962 3386 si
980 3327 1122 3387 sublimia
1137 3330 1291 3408 excipian-

159 3423 206 3472 tur
232 3411 367 3484 festivis,
394 3431 474 3490 quae
500 3411 537 3468 iis
561 3413 622 3470 sint
650 3409 866 3485 dissimillima,
896 3412 1075 3470 relaxentur·
1103 3413 1293 3472 audientium

159 3497 252 3558 animi
268 3493 476 3574 acuanmrque
494 3516 600 3556 sensus
617 3497 685 3573 ipsa
700 3513 819 3568 eorum,
839 3516 920 3575 ,quae
935 3497 1121 3572 percipiunt,
1139 3497 1291 3556 dissimili·

157 3582 353 3660 tudine,·quo
367 3581 464 3656 magis
479 3581 615 3640 universi
631 3579 801 3656 argumenti
821 3579 1040 3638 sublimitatem
1054 3581 1197 3638 sentiant.
1231 3581 1292 3638 Ve-

156 3688 223 3726 rum
238 3665 409 3724 cavendum
426 3657 487 3738 est,
505 3685 545 3723 ne
560 3663 749 3742 ingeniorum
761 3661 923 3723 discrimen
936 3683 1003 3722 esse
1016 3671 1192 3738 statuamus,
1212 3664 1292 3744 quod

158 3761 204 3812 est
226 3751 341 3809 formae
360 3749 553 3826 tragoediae,
578 3769 657 3830 quae
676 3746 715 3804 ab
731 3749 871 3822 notione,
888 3767 978 3828 quam
992 3749 1178 3808 recentiores
1197 3750 1292 3814 infor,

157 3843 269 3896 matam
285 3835 414 3908 habent,
440 3832 522 3911 apud
538 3833 674 3894 Graecos
692 3831 818 3890 multum
839 3831 988 3891 recedens
1002 3831 1191 3914 Aeschylum
1205 3835 1291 3907 fines,

158 3919 266 4000 quibus
282 3921 415 3979 coercita
434 3926 525 3991 esset,
546 3917 671 3996 evagari
688 3917 793 3976 vetuit.
822 3918 933 3996 Neque
948 3937 1021 3976 vero
1036 3926 1156 3978 veteres
1172 3921 1297 3978 omnino·

156 4005 283 4062 latuisse
299 4025 439 4081 magnam
453 4005 529 4075 vim,
546 4023 626 4084 quae
644 4000 683 4060 ad
695 4001 910 4078 percellendos
925 4002 1040 4061 animos
1056 4003 1088 4060 in
1105 4023 1141 4062 eo
1159 4004 1218 4062 sita
1234 4013 1289 4076 est,

156 4086 313 4166 atquibus
328 4109 452 4148 movere
467 4089 546 4147 velis
563 4087 738 4160 audientes,
753 4106 803 4152 res
822 4087 915 4164 plane
932 4088 1096 4146 contrarias
1116 4096 1147 4146 et
1162 4088 1242 4148 inter
1256 4109 1290 4148 se

157 4179 329 4250 pugnantes
353 4173 460 4248 iungas
483 4172 666 4252 easdemque
687 4191 834 4250 opponas,
855 4179 983 4248 apparet
1001 4192 1040 4230 ex
1056 4171 1192 4232 dramate
1207 4181 1289 4250 saty-

156 4257 235 4326 rico,
261 4255 345 4312 cuius
367 4256 534 4314 festivitate
557 4256 774 4316 sublimitatem
798 4255 975 4332 tragoediae
996 4255 1044 4315 illi
1065 4257 1167 4317 statim
1189 4257 1290 4334 excipi

157 4338 320 4413 volebant3
343 4358 525 4417 quamquam
549 4350 595 4398 est
617 4341 769 4417 profecte,
795 4340 877 4420 quod
897 4341 1015 4400 mireris
1034 4341 1235 4400 festivitatem
1251 4338 1289 4396 ab

156 4427 192 4485 iis
208 4424 241 4483 in
261 4424 322 4482 fine
344 4422 436 4480 totius
457 4423 556 4498 operis
578 4443 645 4482 esse
660 4425 798 4500 positam.
834 4424 922 4500 Quae
934 4445 987 4482 res
1004 4425 1121 4482 altioris
1133 4422 1289 4497 ,indaginis

157 4518 217 4585 est3
236 4528 291 4567 nos
311 4525 436 4566 monere
456 4505 621 4577 voluimus,
644 4507 670 4564 si
686 4505 835 4582 Aeschyli
855 4515 1029 4584 superesset
1054 4507 1159 4563 drama
1180 4505 1288 4583 satyri-
