3246 5328
284 431 325 492 62
534 435 571 496 lu=
582 435 658 488 locos
673 435 780 506 aliquot
792 434 921 502 Aeschyli
934 435 1166 504 Choephornrum.

283 609 520 662 cousentaneum
536 609 598 672 cst,
619 619 710 680 quam
724 599 773 659 his
798 601 902 660 verbis
923 599 1064 662 Orestem
1079 603 1198 660 initium
1218 602 1359 661 carminis
1376 600 1420 660 Τί

281 702 341 745 σοι
362 680 534 764 φάμενος
552 673 697 761 τύχοιμ’
722 673 768 742 ἂν
789 686 822 744 in
843 685 1019 746 memoriam
1036 707 1198 761 revocare,
1218 707 1311 766 quum
1325 686 1414 746 abso-

282 773 348 832 luta
370 773 511 831 carminis
531 780 636 851 parte,
662 789 741 850 quae
768 769 807 828 de
824 773 923 845 putris
942 772 1070 850 planctu
1095 782 1127 831 et
1149 770 1326 851 expetenda
1348 773 1414 830 vin-

283 857 367 915 dicta
386 859 500 931 fuerat,
525 858 585 914 iam
607 854 646 913 ad
666 862 805 928 matrem,
833 857 898 916 eius
915 857 1034 916 facinus
1057 865 1088 916 et
1108 877 1187 938 quae
1204 857 1243 915 ob
1258 855 1290 916 id
1305 857 1412 916 liberis

282 941 471 1001 exantlanda
487 942 614 1014 fuerint,
636 940 814 999 transeant?
838 941 980 1000 Alterum
999 929 1037 998 dv
1053 941 1237 1001 eiiciendum
1252 950 1314 1013 est;
1340 940 1413 1002 dein
1485 989 1488 998 ,

280 1047 336 1105 pro
359 1020 447 1098 λύκος
468 1026 567 1086 scribe
590 1017 698 1099 idaco,
722 1024 803 1103 quod
824 1046 886 1086 uon
901 1027 1021 1086 omuino
1038 1028 1259 1095 necessarium
1282 1021 1413 1105 prolem

280 1112 380 1171 scribe
402 1104 473 1184 slot,
496 1112 624 1190 ingruit,
646 1109 686 1168 cf.
707 1111 814 1190 Suppl.
831 1120 890 1175 157.
905 1110 1034 1188 χαλεποῦ
1049 1101 1105 1188 γάρ
1130 1107 1161 1169 ἐκ
1176 1101 1343 1186 πνεύματος
1359 1103 1413 1169 εἶσι

280 1190 400 1274 χειμών.
430 1194 556 1256 Orestes
571 1197 664 1272 igitur
685 1195 794 1254 eadem
809 1214 870 1275 qua
887 1197 919 1254 in
934 1196 1187 1256 antecedentibus
1206 1195 1298 1256 animi
1314 1197 1412 1274 aegri·

279 1281 386 1340 tudine
402 1281 543 1355 affectus,
563 1281 698 1359 quaerit,
719 1279 794 1359 quid
809 1281 913 1340 dicere
927 1283 1059 1360 possint,
1075 1301 1135 1360 quo
1150 1289 1345 1361 praesentem
1362 1301 1412 1339 ca·

279 1367 448 1424 lenitatem
460 1365 574 1425 levent.
610 1365 663 1424 An
673 1364 767 1438 forte,
785 1364 895 1425 acerbe
908 1365 1008 1440 addit,
1031 1367 1182 1442 miserias,
1199 1386 1276 1447 quas
1289 1375 1412 1444 propter

280 1459 406 1510 matrem
423 1450 673 1511 exantlaverint?
710 1451 755 1510 Ut
768 1451 903 1510 mulcere
920 1451 1059 1526 studeas,
1078 1459 1205 1510 matrem
1219 1470 1286 1512 esse
1305 1451 1412 1530 impla-

281 1535 425 1610 cabilem,
442 1536 508 1614 lupi
521 1537 616 1596 instar
631 1536 696 1594 eius
711 1536 772 1598 iras
787 1537 818 1594 iu
832 1535 945 1595 liberos
960 1537 1109 1614 ingruere.
1138 1537 1196 1595 His
1212 1536 1328 1598 Orestis
1343 1555 1412 1594 ver·

280 1621 329 1679 bis
343 1621 503 1680 transitum
519 1620 559 1679 ad
571 1621 734 1699 sequentia
752 1621 900 1680 contineri
914 1629 1067 1700 putamus,
1085 1620 1124 1680 de
1137 1641 1200 1700 qua
1212 1642 1246 1680 re
1261 1641 1321 1678 non
1336 1621 1411 1678 alic·

280 1726 353 1764 uum
373 1705 467 1765 fuerit
487 1707 595 1784 paucis
618 1714 754 1765 nostram
774 1707 957 1765 sententiam
981 1705 1164 1766 declarasse.
1195 1707 1275 1766 Nam
1289 1705 1412 1764 Ahrens

282 1799 313 1850 et
328 1790 500 1850 Muellerus
517 1791 646 1870 aliique,
660 1791 772 1871 partim
788 1790 871 1870 quod
884 1791 1001 1850 nullum
1016 1792 1094 1851 inter
1110 1790 1187 1851 haec
1204 1799 1236 1852 et
1249 1790 1411 1870 sequentia

280 1895 395 1936 nexum
415 1875 606 1936 intercedere
627 1884 785 1954 putarent,
812 1877 922 1954 partim
945 1869 1027 1955 quod
1053 1878 1084 1934 in
1106 1897 1136 1935 v.
1162 1884 1323 1939 417-448
1343 1875 1411 1934 nul·

281 1961 332 2019 lae
356 1959 440 2020 chori
464 1970 567 2040 partes
594 1969 712 2034 essent,
733 1980 810 2039 quas
834 1981 901 2021 esse
930 1959 1043 2020 debere
1069 1961 1106 2019 iis
1134 1980 1312 2040 persuasum
1336 1968 1411 2033 erat,

279 2045 376 2104 multa
392 2045 621 2126 transponenda
634 2047 686 2105 vel
702 2045 771 2105 eliis
783 2047 929 2126 personis,
946 2065 1038 2124 quam
1054 2046 1182 2105 inlibris
1199 2045 1411 2124 manuscriptis

279 2131 326 2204 fit,
349 2129 556 2190 adiudicanda
573 2139 708 2192 censent.
738 2131 801 2190 Nos
822 2151 889 2190 cum
908 2131 1083 2189 Hermanno
1106 2132 1207 2206 omnia
1227 2131 1305 2190 haec
1325 2139 1359 2188 ut
1379 2131 1411 2187 in

279 2215 367 2274 libris
388 2216 531 2294 leguntur
551 2237 606 2295 pro
631 2217 713 2276 sanis
733 2215 887 2275 habemus.
920 2216 1028 2275 Nexus
1049 2224 1150 2275 autem
1171 2216 1237 2276 sola
1256 2217 1361 2274 matris
1380 2223 1412 2273 et

280 2301 425 2360 facinoris
454 2300 492 2359 ab
521 2321 558 2360 ea
582 2302 750 2382 perpetrati
771 2303 925 2360 mentione
950 2302 1131 2361 continetur.
1169 2301 1270 2360 Huius
1289 2301 1409 2359 nomine

280 2384 385 2444 audito
399 2385 547 2444 Electrae
564 2388 716 2445 excitatur
734 2387 851 2446 animus
867 2384 906 2444 ad
921 2405 989 2444 eam
1004 2384 1219 2463 indignitatem
1234 2384 1409 2444 describen-

281 2469 367 2544 dam,
384 2489 464 2550 quae
482 2471 614 2530 omnium
629 2491 746 2530 summa
765 2471 857 2529 fuerit
871 2477 902 2529 et
914 2471 999 2528 cuius
1017 2471 1083 2550 ipse
1099 2471 1186 2530 locus
1202 2469 1344 2548 (adstant
1355 2489 1408 2548 pa-

279 2555 334 2613 tris
352 2553 481 2633 tumulo)
504 2564 536 2615 et
549 2576 599 2615 res
613 2577 704 2637 quam
722 2564 816 2634 agunt
836 2553 999 2633 (plangunt
1013 2554 1145 2634 patrem)
1165 2575 1233 2614 eam
1247 2553 1409 2614 admouere

280 2639 381 2700 debet.
412 2641 549 2719 Pingens
565 2642 671 2719 igitur,
688 2662 778 2722 quam
794 2639 920 2718 indigne
935 2649 1024 2718 pater
1040 2641 1178 2718 sepultus
1191 2641 1245 2715 sit,
1265 2660 1332 2699 eam
1345 2659 1409 2698 rem

279 2727 323 2783 ita
339 2727 484 2800 instituit,
506 2735 541 2784 ut
559 2728 688 2804 primum
709 2747 793 2785 suum
814 2725 973 2804 planctum
993 2723 1098 2784 audita
1111 2727 1207 2802 patris
1220 2723 1315 2784 caede
1331 2745 1408 2784 com-

278 2819 438 2883 memoret,
456 2829 526 2868 mox
541 2810 581 2868 ad
595 2812 699 2869 matris
715 2809 837 2869 foedam
853 2810 885 2868 in
899 2810 957 2868 hac
971 2829 1005 2868 re
1023 2810 1244 2887 negligentiam
1261 2818 1408 2869 transeat.

280 2892 387 2954 Oratio
403 2902 505 2953 autem
520 2893 686 2972 asyndetus
701 2903 748 2954 est
761 2901 884 2973 propter
898 2914 1045 2954 summum
1060 2915 1119 2973 quo
1136 2895 1263 2954 Electra
1277 2896 1410 2954 irritatur

279 2977 373 3043 animi
388 2977 539 3038 affectum.
568 2979 642 3038 Alia
657 2981 688 3038 in
702 2979 759 3039 hoc
778 2979 844 3038 loco
863 2979 966 3038 insunt
987 2980 1157 3058 complura,
1173 3000 1253 3060 quae
1268 3000 1410 3057 magnam

279 3062 319 3120 ad
339 3063 570 3124 commovendos
591 3063 778 3124 audientium
799 3064 915 3124 animos
936 3065 998 3122 vim
1012 3064 1135 3124 habent.
1166 3066 1216 3124 Ita
1229 3067 1261 3124 in
1276 3066 1313 3124 iis
1328 3085 1408 3144 quae

279 3147 467 3207 antecedunt
482 3156 513 3207 et
527 3150 658 3209 omnium
672 3150 724 3208 vel
735 3150 867 3208 maxime
883 3150 915 3207 in
926 3149 963 3207 iis
975 3161 1055 3227 quae
1070 3151 1207 3229 proxime
1222 3149 1410 3209 antecedunt

280 3231 404 3292 Orestes
423 3233 517 3312 plane
534 3232 774 3312 despondentem
791 3255 824 3294 se
838 3232 1038 3314 praebuerat3
1063 3235 1124 3294 iam
1142 3256 1215 3296 vero
1231 3235 1290 3294 hac
1303 3235 1408 3294 matris

278 3316 463 3395 indignitate
484 3317 590 3377 audita
612 3321 751 3398 proxime
772 3321 837 3379 eius
853 3317 949 3378 verba
965 3319 1081 3378 firmum
1100 3322 1205 3381 matris
1222 3319 1409 3380 occidendae

278 3403 436 3472 consilium
453 3401 619 3462 declarant.
661 3402 753 3463 Ohori
768 3414 869 3464 autem
890 3404 920 3462 h.
937 3405 957 3462 l.
985 3404 1090 3464 nullae
1106 3415 1176 3466 sunt
1191 3415 1309 3486 partes,
1328 3403 1409 3485 quod

210 3565 213 3572 Δ
276 3489 384 3548 summi
401 3489 496 3548 animi
511 3489 637 3551 affectus
652 3489 761 3570 quibus
778 3490 905 3551 Orestes
918 3497 949 3548 et
961 3489 1088 3548 Electra
1105 3493 1297 3550 concitantur
1316 3490 1409 3548 inter-

276 3573 454 3655 loquentem
475 3574 598 3634 chorum
619 3596 681 3634 non
699 3577 867 3654 patiuntur.
905 3573 1050 3634 Profecto
1066 3575 1095 3633 si
1109 3575 1315 3635 necessarium
1329 3581 1410 3632 esset

278 3659 361 3718 chori
381 3667 484 3738 partes
507 3680 591 3735 esse,
614 3680 669 3719 eac
691 3660 883 3719 intercidisse
903 3659 1060 3737 putandae
1082 3669 1199 3732 essent;
1223 3661 1254 3716 in
1276 3658 1312 3715 iis
1328 3657 1409 3716 cuim

276 3745 398 3822 quaein
412 3744 497 3803 libris
513 3745 656 3822 leguntur
666 3745 758 3823 plane
772 3745 850 3803 nihil
866 3743 1007 3824 estquod
1024 3765 1042 3801 a
1054 3744 1143 3802 choro
1160 3743 1220 3802 dici
1233 3743 1301 3818 ipsa
1313 3739 1409 3800 verba

275 3828 441 3904 patiantur.
476 3826 566 3906 Quod
582 3839 685 3888 autem
702 3830 920 3910 aequalitatem
940 3826 1024 3886 laedi
1045 3835 1169 3905 putant,
1184 3827 1211 3884 si
1227 3825 1334 3884 chorus
1349 3826 1408 3883 hac

275 3929 337 3968 una
353 3913 494 3971 carminis
508 3921 596 3989 parte
610 3913 709 3987 sileat,
727 3914 759 3972 in
775 3934 812 3972 ea
825 3934 858 3972 re
872 3912 1034 3983 falluntur,
1052 3909 1135 3987 quod
1151 3910 1233 3969 chori
1246 3917 1315 3986 post
1328 3909 1408 3966 hanc

275 4001 393 4070 partem
411 3997 549 4054 canentis
564 3996 655 4073 longe
672 3998 735 4055 alia
750 4006 796 4057 est
810 3998 887 4055 ratio
903 4015 994 4074 quam
1012 3994 1099 4052 initio
1116 3995 1267 4053 carminis.
1301 3995 1339 4054 V.
1356 4003 1406 4056 311

274 4085 369 4140 —416
391 4078 528 4156 singulos
551 4078 711 4138 choreutas
731 4083 879 4140 cecinisse
898 4079 929 4136 in
947 4085 1065 4156 promtu
1089 4086 1150 4150 est3
1171 4085 1319 4142 tlt-448
1337 4078 1409 4138 silet

277 4161 386 4222 chorus
410 4162 447 4221 ob
466 4181 604 4220 caussam
626 4163 808 4234 indicatam3
832 4171 979 4227 sss-458
999 4163 1160 4222 universus
1185 4163 1293 4223 chorus
1316 4165 1407 4238 canit,

275 4245 358 4326 quod
373 4255 404 4306 et
425 4266 482 4325 ego
501 4247 533 4306 in
554 4249 804 4308 commentatione
821 4247 969 4322 indicavi,
991 4267 1083 4326 quam
1100 4257 1172 4308 ante
1187 4247 1242 4307 hos
1264 4258 1408 4328 quattuor

275 4352 371 4391 annos
395 4332 433 4391 de
455 4329 843 4412 01·minibusAeschyleis
863 4333 971 4409 scripsi
989 4351 1008 4390 a
1028 4331 1164 4411 partibus
1180 4333 1262 4392 chori
1278 4335 1408 4394 cantatis

273 4437 305 4496 p.
320 4426 369 4492 29,
389 4418 501 4509 etipse
517 4416 683 4476 Muellerus
704 4417 736 4476 in
747 4415 964 4496 Ephemeridd.
984 4417 1253 4498 Scholast1832p.
1269 4428 1337 4490 8753
1354 4417 1406 4475 de·

274 4503 368 4580 nique
383 4509 529 4568 los—tm
544 4501 724 4562 semichoria
739 4502 889 4562 cecinisse
904 4510 1143 4563 consentaneum
1159 4511 1214 4562 est.

1610 4021 1613 4116 l
