<?xml version="1.0" encoding="UTF-8"?>
<!DOCTYPE html PUBLIC "-//W3C//DTD XHTML 1.0 Transitional//EN"
    "http://www.w3.org/TR/xhtml1/DTD/xhtml1-transitional.dtd">
<html xmlns="http://www.w3.org/1999/xhtml" xml:lang="en" lang="en">
 <head>
  <title>
</title>
<meta http-equiv="Content-Type" content="text/html;charset=utf-8" />
  <meta name='ocr-system' content='tesseract 3.04.00' />
  <meta name='ocr-capabilities' content='ocr_page ocr_carea ocr_par ocr_line ocrx_word'/>
</head>
<body>
  <div class='ocr_page' id='page_1' title='image "./fbambergeriopus00bambgoog_0163.png"; bbox 0 0 3246 5328; ppageno 0'>
   <div class='ocr_carea' id='block_1_1' title="bbox 316 431 1281 501">
    <p class='ocr_par' dir='ltr' id='par_1_1' title="bbox 316 431 1281 501">
     <span class='ocr_line' id='line_1_1' title="bbox 316 431 1281 501; baseline -0.01 -9"><span class='ocrx_word' id='word_1_1' title='bbox 316 437 375 496; x_wconf 83' lang='lat'><strong>114</strong></span> <span class='ocrx_word' id='word_1_2' title='bbox 476 437 724 495; x_wconf 74' lang='lat' dir='ltr'><strong>Coniectaneorum</strong></span> <span class='ocrx_word' id='word_1_3' title='bbox 739 433 767 484; x_wconf 92' lang='lat' dir='ltr'><strong>in</strong></span> <span class='ocrx_word' id='word_1_4' title='bbox 790 431 919 500; x_wconf 77' lang='lat' dir='ltr'><strong>Aeschyli</strong></span> <span class='ocrx_word' id='word_1_5' title='bbox 934 431 1080 501; x_wconf 76' lang='lat' dir='ltr'>Supplices</span> <span class='ocrx_word' id='word_1_6' title='bbox 1104 447 1169 500; x_wconf 84' lang='lat' dir='ltr'><strong>pers</strong></span> <span class='ocrx_word' id='word_1_7' title='bbox 1185 431 1281 482; x_wconf 84' lang='lat' dir='ltr'><strong>alteru.</strong></span> 
     </span>
    </p>
   </div>
   <div class='ocr_carea' id='block_1_2' title="bbox 376 603 996 780">
    <p class='ocr_par' dir='ltr' id='par_1_2' title="bbox 376 603 996 780">
     <span class='ocr_line' id='line_1_2' title="bbox 376 603 996 780; baseline -0.002 -39"><span class='ocrx_word' id='word_1_8' title='bbox 376 603 431 664; x_wconf 65' lang='lat' dir='ltr'><strong>Vs</strong></span> <span class='ocrx_word' id='word_1_9' title='bbox 446 611 482 666; x_wconf 71' lang='grc'><strong>80</strong></span> <span class='ocrx_word' id='word_1_10' title='bbox 494 621 630 742; x_wconf 61' lang='grc' dir='ltr'><strong>Β(1Εἰ’</strong></span> <span class='ocrx_word' id='word_1_11' title='bbox 574 681 647 780; x_wconf 87' lang='grc' dir='ltr'><strong><em>θείη</em></strong></span> <span class='ocrx_word' id='word_1_12' title='bbox 663 671 737 753; x_wconf 87' lang='grc' dir='ltr'>Διός</span> <span class='ocrx_word' id='word_1_13' title='bbox 752 663 785 741; x_wconf 78' lang='grc' dir='ltr'><strong>εὖ</strong></span> <span class='ocrx_word' id='word_1_14' title='bbox 803 679 996 779; x_wconf 78' lang='grc' dir='ltr'><strong><em>παναληθῶς.</em></strong></span> 
     </span>
    </p>
   </div>
   <div class='ocr_carea' id='block_1_3' title="bbox 317 754 1182 1046">
    <p class='ocr_par' dir='ltr' id='par_1_3' title="bbox 317 754 1182 1046">
     <span class='ocr_line' id='line_1_3' title="bbox 527 754 1182 845; baseline -0.003 -19"><span class='ocrx_word' id='word_1_15' title='bbox 527 757 632 838; x_wconf 81' lang='grc' dir='ltr'>Διός”</span> <span class='ocrx_word' id='word_1_16' title='bbox 615 786 715 845; x_wconf 90' lang='grc' dir='ltr'><strong><em>ιμερος</em></strong></span> <span class='ocrx_word' id='word_1_17' title='bbox 735 754 790 824; x_wconf 83' lang='grc' dir='ltr'><strong>οόκ</strong></span> <span class='ocrx_word' id='word_1_18' title='bbox 807 755 972 844; x_wconf 76' lang='grc' dir='ltr'><strong><em>εὐθήρατος</em></strong></span> <span class='ocrx_word' id='word_1_19' title='bbox 987 757 1100 842; x_wconf 75' lang='grc' dir='ltr'><strong><em>ἐτάχθη</em></strong></span> <span class='ocrx_word' id='word_1_20' title='bbox 1115 786 1182 845; x_wconf 85' lang='lat' dir='ltr'><strong>sqq.</strong></span> 
     </span>
     <span class='ocr_line' id='line_1_4' title="bbox 317 868 875 984; baseline -0.02 -50"><span class='ocrx_word' id='word_1_21' title='bbox 317 872 498 934; x_wconf 82' lang='lat' dir='ltr'><strong>Schuetnius</strong></span> <span class='ocrx_word' id='word_1_22' title='bbox 514 878 545 930; x_wconf 91' lang='lat' dir='ltr'><strong>et</strong></span> <span class='ocrx_word' id='word_1_23' title='bbox 561 868 655 931; x_wconf 89' lang='lat' dir='ltr'><strong>Well.</strong></span> <span class='ocrx_word' id='word_1_24' title='bbox 672 869 875 984; x_wconf 87' lang='lat' dir='ltr'><strong>scripserunt.</strong></span> 
     </span>
     <span class='ocr_line' id='line_1_5' title="bbox 524 951 1021 1046; baseline -0.008 -18"><span class='ocrx_word' id='word_1_25' title='bbox 524 968 565 1028; x_wconf 81' lang='grc' dir='ltr'><strong>Εἰ</strong></span> <span class='ocrx_word' id='word_1_26' title='bbox 585 969 656 1046; x_wconf 84' lang='grc' dir='ltr'><strong><em>θείη</em></strong></span> <span class='ocrx_word' id='word_1_27' title='bbox 673 958 763 1041; x_wconf 85' lang='grc' dir='ltr'><strong><em>θεός</em></strong></span> <span class='ocrx_word' id='word_1_28' title='bbox 779 987 812 1027; x_wconf 85' lang='grc' dir='ltr'><strong>εν</strong></span> <span class='ocrx_word' id='word_1_29' title='bbox 800 951 1021 1042; x_wconf 81' lang='grc' dir='ltr'><strong><em>παναληθῶς.</em></strong></span> 
     </span>
    </p>
   </div>
   <div class='ocr_carea' id='block_1_4' title="bbox 252 1068 1453 1949">
    <p class='ocr_par' dir='ltr' id='par_1_4' title="bbox 252 1068 1453 1917">
     <span class='ocr_line' id='line_1_6' title="bbox 317 1068 1452 1151; baseline -0.004 -18"><span class='ocrx_word' id='word_1_30' title='bbox 317 1074 466 1151; x_wconf 85' lang='lat' dir='ltr'><strong>„Utinam</strong></span> <span class='ocrx_word' id='word_1_31' title='bbox 486 1074 573 1132; x_wconf 84' lang='lat' dir='ltr'><strong>Deus</strong></span> <span class='ocrx_word' id='word_1_32' title='bbox 597 1092 705 1131; x_wconf 83' lang='lat' dir='ltr'><strong>revera</strong></span> <span class='ocrx_word' id='word_1_33' title='bbox 725 1089 775 1130; x_wconf 89' lang='lat' dir='ltr'><strong>res</strong></span> <span class='ocrx_word' id='word_1_34' title='bbox 794 1077 915 1128; x_wconf 85' lang='lat' dir='ltr'><strong>nostrus</strong></span> <span class='ocrx_word' id='word_1_35' title='bbox 935 1068 1015 1128; x_wconf 92' lang='lat' dir='ltr'><strong>bene</strong></span> <span class='ocrx_word' id='word_1_36' title='bbox 1037 1072 1238 1130; x_wconf 86' lang='lat' dir='ltr'><strong>constituat.“</strong></span> <span class='ocrx_word' id='word_1_37' title='bbox 1282 1071 1326 1130; x_wconf 84' lang='lat' dir='ltr'><strong>At</strong></span> <span class='ocrx_word' id='word_1_38' title='bbox 1342 1071 1368 1130; x_wconf 82' lang='lat' dir='ltr'><strong>si</strong></span> <span class='ocrx_word' id='word_1_39' title='bbox 1384 1091 1452 1130; x_wconf 87' lang='lat' dir='ltr'><strong>seu·</strong></span> 
     </span>
     <span class='ocr_line' id='line_1_7' title="bbox 317 1153 1452 1256; baseline -0.004 -38"><span class='ocrx_word' id='word_1_40' title='bbox 317 1161 481 1218; x_wconf 83' lang='lat' dir='ltr'><strong>tentiurum</strong></span> <span class='ocrx_word' id='word_1_41' title='bbox 494 1177 608 1216; x_wconf 86' lang='lat' dir='ltr'><strong>nexum</strong></span> <span class='ocrx_word' id='word_1_42' title='bbox 624 1166 760 1236; x_wconf 81' lang='lat' dir='ltr'>spectas,</span> <span class='ocrx_word' id='word_1_43' title='bbox 776 1153 857 1254; x_wconf 79' lang='lat' dir='ltr'><strong>quod</strong></span> <span class='ocrx_word' id='word_1_44' title='bbox 871 1154 917 1211; x_wconf 93' lang='lat' dir='ltr'><strong>illi</strong></span> <span class='ocrx_word' id='word_1_45' title='bbox 932 1155 1067 1215; x_wconf 88' lang='lat' dir='ltr'><strong>scribunt</strong></span> <span class='ocrx_word' id='word_1_46' title='bbox 1075 1165 1203 1256; x_wconf 79' lang='lat' dir='ltr'><strong>,aptum</strong></span> <span class='ocrx_word' id='word_1_47' title='bbox 1219 1165 1355 1216; x_wconf 89' lang='lat' dir='ltr'><strong>nonest</strong></span> <span class='ocrx_word' id='word_1_48' title='bbox 1388 1158 1452 1215; x_wconf 83' lang='lat' dir='ltr'><strong>Da·</strong></span> 
     </span>
     <span class='ocr_line' id='line_1_8' title="bbox 316 1240 1453 1321; baseline -0.002 -19"><span class='ocrx_word' id='word_1_49' title='bbox 316 1244 425 1303; x_wconf 81' lang='lat' dir='ltr'><strong>naides</strong></span> <span class='ocrx_word' id='word_1_50' title='bbox 445 1244 526 1302; x_wconf 89' lang='lat' dir='ltr'><strong>enim</strong></span> <span class='ocrx_word' id='word_1_51' title='bbox 539 1244 623 1301; x_wconf 83' lang='lat' dir='ltr'>Deos</span> <span class='ocrx_word' id='word_1_52' title='bbox 638 1243 759 1319; x_wconf 84' lang='lat' dir='ltr'><strong>generis</strong></span> <span class='ocrx_word' id='word_1_53' title='bbox 776 1241 823 1299; x_wconf 81' lang='lat' dir='ltr'><strong>sui</strong></span> <span class='ocrx_word' id='word_1_54' title='bbox 843 1247 958 1299; x_wconf 77' lang='lat' dir='ltr'><strong>tutores</strong></span> <span class='ocrx_word' id='word_1_55' title='bbox 973 1240 1126 1316; x_wconf 81' lang='lat' dir='ltr'>invocant,</span> <span class='ocrx_word' id='word_1_56' title='bbox 1143 1243 1272 1321; x_wconf 89' lang='lat' dir='ltr'><strong>primum</strong></span> <span class='ocrx_word' id='word_1_57' title='bbox 1285 1243 1453 1314; x_wconf 85' lang='lat' dir='ltr'><strong>universos,</strong></span> 
     </span>
     <span class='ocr_line' id='line_1_9' title="bbox 318 1325 1452 1406; baseline -0.003 -19"><span class='ocrx_word' id='word_1_58' title='bbox 318 1328 389 1387; x_wconf 84' lang='lat' dir='ltr'><strong>dein</strong></span> <span class='ocrx_word' id='word_1_59' title='bbox 414 1327 453 1386; x_wconf 82' lang='lat' dir='ltr'><strong>ed</strong></span> <span class='ocrx_word' id='word_1_60' title='bbox 472 1327 580 1386; x_wconf 88' lang='lat' dir='ltr'><strong>Iovem</strong></span> <span class='ocrx_word' id='word_1_61' title='bbox 599 1347 746 1386; x_wconf 89' lang='lat' dir='ltr'><strong>summum</strong></span> <span class='ocrx_word' id='word_1_62' title='bbox 760 1325 859 1402; x_wconf 86' lang='lat' dir='ltr'><strong>gentis</strong></span> <span class='ocrx_word' id='word_1_63' title='bbox 874 1334 1028 1383; x_wconf 82' lang='lat' dir='ltr'><strong>auctorem</strong></span> <span class='ocrx_word' id='word_1_64' title='bbox 1043 1343 1151 1406; x_wconf 83' lang='lat' dir='ltr'><strong>preces</strong></span> <span class='ocrx_word' id='word_1_65' title='bbox 1170 1336 1359 1387; x_wconf 86' lang='lat' dir='ltr'><strong>convertunt.</strong></span> <span class='ocrx_word' id='word_1_66' title='bbox 1395 1327 1452 1384; x_wconf 90' lang='lat' dir='ltr'><strong>His</strong></span> 
     </span>
     <span class='ocr_line' id='line_1_10' title="bbox 317 1399 1450 1492; baseline -0.002 -20"><span class='ocrx_word' id='word_1_67' title='bbox 317 1412 458 1492; x_wconf 81' lang='lat' dir='ltr'><strong>precibus</strong></span> <span class='ocrx_word' id='word_1_68' title='bbox 473 1399 547 1469; x_wconf 83' lang='grc' dir='ltr'><strong><em>θεὸν</em></strong></span> <span class='ocrx_word' id='word_1_69' title='bbox 563 1413 683 1471; x_wconf 86' lang='lat' dir='ltr'><strong>nomine</strong></span> <span class='ocrx_word' id='word_1_70' title='bbox 699 1411 812 1470; x_wconf 87' lang='lat' dir='ltr'><strong>nullius</strong></span> <span class='ocrx_word' id='word_1_71' title='bbox 832 1410 895 1467; x_wconf 92' lang='lat' dir='ltr'><strong>Dei</strong></span> <span class='ocrx_word' id='word_1_72' title='bbox 911 1408 1039 1469; x_wconf 81' lang='lat' dir='ltr'><strong>addito</strong></span> <span class='ocrx_word' id='word_1_73' title='bbox 1030 1414 1183 1490; x_wconf 80' lang='lat' dir='ltr'><strong>interponi</strong></span> <span class='ocrx_word' id='word_1_74' title='bbox 1199 1422 1302 1491; x_wconf 87' lang='lat' dir='ltr'><strong>aptum</strong></span> <span class='ocrx_word' id='word_1_75' title='bbox 1317 1433 1379 1472; x_wconf 91' lang='lat' dir='ltr'><strong>non</strong></span> <span class='ocrx_word' id='word_1_76' title='bbox 1396 1420 1450 1486; x_wconf 89' lang='lat' dir='ltr'><strong>est,</strong></span> 
     </span>
     <span class='ocr_line' id='line_1_11' title="bbox 252 1495 1451 1595; baseline 0.002 -43"><span class='ocrx_word' id='word_1_77' title='bbox 252 1543 259 1552; x_wconf 89' lang='lat'><strong>.</strong></span> <span class='ocrx_word' id='word_1_78' title='bbox 318 1497 373 1557; x_wconf 89' lang='lat' dir='ltr'><strong>sed</strong></span> <span class='ocrx_word' id='word_1_79' title='bbox 386 1498 472 1558; x_wconf 88' lang='lat' dir='ltr'><strong>Iovis</strong></span> <span class='ocrx_word' id='word_1_80' title='bbox 488 1516 598 1556; x_wconf 89' lang='lat' dir='ltr'><strong>nomeu</strong></span> <span class='ocrx_word' id='word_1_81' title='bbox 613 1517 642 1556; x_wconf 86' lang='lat' dir='ltr'><strong>v.</strong></span> <span class='ocrx_word' id='word_1_82' title='bbox 655 1506 691 1560; x_wconf 88' lang='lat'><strong>8⁰</strong></span> <span class='ocrx_word' id='word_1_83' title='bbox 706 1495 923 1556; x_wconf 80' lang='lat' dir='ltr'><strong>necessarium.</strong></span> <span class='ocrx_word' id='word_1_84' title='bbox 967 1495 1010 1554; x_wconf 83' lang='lat' dir='ltr'><strong>Et</strong></span> <span class='ocrx_word' id='word_1_85' title='bbox 1023 1497 1118 1556; x_wconf 88' lang='lat' dir='ltr'><strong>multo</strong></span> <span class='ocrx_word' id='word_1_86' title='bbox 1133 1498 1253 1557; x_wconf 83' lang='lat' dir='ltr'><strong>facilior</strong></span> <span class='ocrx_word' id='word_1_87' title='bbox 1270 1496 1451 1595; x_wconf 83' lang='lat' dir='ltr'><strong>emendatio,</strong></span> 
     </span>
     <span class='ocr_line' id='line_1_12' title="bbox 318 1566 1453 1680; baseline -0.001 -39"><span class='ocrx_word' id='word_1_88' title='bbox 318 1603 345 1641; x_wconf 80' lang='grc' dir='ltr'><strong>ει</strong></span> <span class='ocrx_word' id='word_1_89' title='bbox 335 1581 554 1641; x_wconf 88' lang='lat' dir='ltr'><strong>distinctione</strong></span> <span class='ocrx_word' id='word_1_90' title='bbox 571 1590 687 1640; x_wconf 83' lang='lat' dir='ltr'><strong>mutate</strong></span> <span class='ocrx_word' id='word_1_91' title='bbox 697 1590 844 1660; x_wconf 90' lang='lat' dir='ltr'><strong>punctum</strong></span> <span class='ocrx_word' id='word_1_92' title='bbox 856 1587 926 1657; x_wconf 83' lang='lat' dir='ltr'><strong>post</strong></span> <span class='ocrx_word' id='word_1_93' title='bbox 940 1600 1047 1640; x_wconf 85' lang='lat' dir='ltr'><strong>vocem</strong></span> <span class='ocrx_word' id='word_1_94' title='bbox 1052 1579 1167 1678; x_wconf 80' lang='grc' dir='ltr'><strong><em>ἵμερος</em></strong></span> <span class='ocrx_word' id='word_1_95' title='bbox 1180 1603 1284 1680; x_wconf 88' lang='lat' dir='ltr'><strong>ponas.</strong></span> <span class='ocrx_word' id='word_1_96' title='bbox 1321 1566 1369 1640; x_wconf 80' lang='lat' dir='ltr'><strong>Eri</strong></span> <span class='ocrx_word' id='word_1_97' title='bbox 1383 1581 1453 1656; x_wconf 86' lang='grc' dir='ltr'><strong><em>θείη</em></strong></span> 
     </span>
     <span class='ocr_line' id='line_1_13' title="bbox 320 1648 1452 1766; baseline -0.003 -41"><span class='ocrx_word' id='word_1_98' title='bbox 320 1667 445 1726; x_wconf 85' lang='lat' dir='ltr'><strong>defendi</strong></span> <span class='ocrx_word' id='word_1_99' title='bbox 466 1676 568 1746; x_wconf 92' lang='lat' dir='ltr'><strong>potest</strong></span> <span class='ocrx_word' id='word_1_100' title='bbox 591 1665 829 1743; x_wconf 79' lang='lat' dir='ltr'><strong>&#39;Agamemnonis</strong></span> <span class='ocrx_word' id='word_1_101' title='bbox 850 1684 880 1722; x_wconf 88' lang='lat' dir='ltr'><strong>v.</strong></span> <span class='ocrx_word' id='word_1_102' title='bbox 905 1673 981 1728; x_wconf 83' lang='grc'><strong>1658.</strong></span> <span class='ocrx_word' id='word_1_103' title='bbox 1006 1654 1064 1743; x_wconf 73' lang='grc' dir='ltr'><strong>ἐγὼ</strong></span> <span class='ocrx_word' id='word_1_104' title='bbox 1092 1664 1143 1726; x_wconf 81' lang='grc' dir='ltr'><strong><em>καὶ</em></strong></span> <span class='ocrx_word' id='word_1_105' title='bbox 1168 1657 1205 1725; x_wconf 81' lang='grc' dir='ltr'>σύ</span> <span class='ocrx_word' id='word_1_106' title='bbox 1226 1659 1373 1766; x_wconf 75' lang='grc' dir='ltr'><strong><em>θήσομεν</em></strong></span> <span class='ocrx_word' id='word_1_107' title='bbox 1380 1648 1452 1742; x_wconf 74' lang='grc' dir='ltr'><strong><em>αρδ-</em></strong></span> 
     </span>
     <span class='ocr_line' id='line_1_14' title="bbox 317 1742 1453 1850; baseline -0.002 -40"><span class='ocrx_word' id='word_1_108' title='bbox 317 1750 421 1810; x_wconf 81' lang='grc' dir='ltr'><strong><em>τοῦντε</em></strong></span> <span class='ocrx_word' id='word_1_109' title='bbox 440 1750 533 1810; x_wconf 82' lang='grc' dir='ltr'><strong><em>τῶνδε</em></strong></span> <span class='ocrx_word' id='word_1_110' title='bbox 554 1747 695 1850; x_wconf 78' lang='grc' dir='ltr'><strong><em>δωμάτων</em></strong></span> <span class='ocrx_word' id='word_1_111' title='bbox 717 1749 821 1819; x_wconf 82' lang='grc' dir='ltr'><strong><em>καλάς.</em></strong></span> <span class='ocrx_word' id='word_1_112' title='bbox 860 1747 924 1808; x_wconf 77' lang='lat' dir='ltr'><strong>Sed</strong></span> <span class='ocrx_word' id='word_1_113' title='bbox 945 1752 1045 1829; x_wconf 83' lang='lat' dir='ltr'><strong>aptius</strong></span> <span class='ocrx_word' id='word_1_114' title='bbox 1067 1751 1214 1811; x_wconf 89' lang='lat' dir='ltr'><strong>hocloco</strong></span> <span class='ocrx_word' id='word_1_115' title='bbox 1236 1762 1288 1812; x_wconf 90' lang='lat' dir='ltr'><strong>aut</strong></span> <span class='ocrx_word' id='word_1_116' title='bbox 1310 1742 1373 1810; x_wconf 80' lang='grc' dir='ltr'><strong><em>εἴθ’</em></strong></span> <span class='ocrx_word' id='word_1_117' title='bbox 1394 1749 1453 1826; x_wconf 82' lang='grc' dir='ltr'><strong><em>εἴη,</em></strong></span> 
     </span>
     <span class='ocr_line' id='line_1_15' title="bbox 319 1832 919 1949; baseline -0.009 -53"><span class='ocrx_word' id='word_1_118' title='bbox 319 1845 373 1896; x_wconf 83' lang='lat' dir='ltr'><strong>aut</strong></span> <span class='ocrx_word' id='word_1_119' title='bbox 384 1835 492 1917; x_wconf 87' lang='lat' dir='ltr'><strong>,quod</strong></span> <span class='ocrx_word' id='word_1_120' title='bbox 506 1837 603 1913; x_wconf 84' lang='lat' dir='ltr'><strong>magis</strong></span> <span class='ocrx_word' id='word_1_121' title='bbox 606 1833 794 1949; x_wconf 78' lang='lat' dir='ltr'><strong>probemus,</strong></span> <span class='ocrx_word' id='word_1_122' title='bbox 812 1832 919 1893; x_wconf 84' lang='lat' dir='ltr'><strong>scribi:</strong></span> 
     </span>
    </p>
   </div>
   <div class='ocr_carea' id='block_1_5' title="bbox 567 1917 1190 2185">
    <p class='ocr_par' dir='ltr' id='par_1_5' title="bbox 567 1917 1190 2185">
     <span class='ocr_line' id='line_1_16' title="bbox 567 1917 1100 2032; baseline 0.004 -38"><span class='ocrx_word' id='word_1_123' title='bbox 567 1917 622 1995; x_wconf 74' lang='lat' dir='ltr'><strong>Ei</strong></span> <span class='ocrx_word' id='word_1_124' title='bbox 644 1925 671 1992; x_wconf 88' lang='grc' dir='ltr'><strong>δ’</strong></span> <span class='ocrx_word' id='word_1_125' title='bbox 690 1931 748 2010; x_wconf 77' lang='grc' dir='ltr'><strong>εἴη</strong></span> <span class='ocrx_word' id='word_1_126' title='bbox 765 1925 853 2006; x_wconf 85' lang='grc' dir='ltr'><strong><em>Διός,</em></strong></span> <span class='ocrx_word' id='word_1_127' title='bbox 869 1917 902 1993; x_wconf 81' lang='grc' dir='ltr'><strong>εὖ</strong></span> <span class='ocrx_word' id='word_1_128' title='bbox 905 1937 1100 2032; x_wconf 79' lang='grc' dir='ltr'><strong><em>παναληθῶς</em></strong></span> 
     </span>
     <span class='ocr_line' id='line_1_17' title="bbox 571 2009 1190 2099; baseline 0.003 -20"><span class='ocrx_word' id='word_1_129' title='bbox 571 2009 675 2092; x_wconf 79' lang='grc' dir='ltr'>Διός”</span> <span class='ocrx_word' id='word_1_130' title='bbox 659 2039 767 2098; x_wconf 87' lang='grc' dir='ltr'><strong><em>ιμερος.</em></strong></span> <span class='ocrx_word' id='word_1_131' title='bbox 799 2009 865 2078; x_wconf 82' lang='grc' dir='ltr'><strong>Οόκ</strong></span> <span class='ocrx_word' id='word_1_132' title='bbox 882 2009 1048 2098; x_wconf 79' lang='grc' dir='ltr'><strong><em>εὐθήρατος</em></strong></span> <span class='ocrx_word' id='word_1_133' title='bbox 1064 2013 1190 2099; x_wconf 76' lang='grc' dir='ltr'><strong><em>ἐτάχθη,</em></strong></span> 
     </span>
     <span class='ocr_line' id='line_1_18' title="bbox 567 2097 971 2185; baseline 0.01 -23"><span class='ocrx_word' id='word_1_134' title='bbox 567 2097 672 2163; x_wconf 80' lang='grc' dir='ltr'><strong><em>Πάντα</em></strong></span> <span class='ocrx_word' id='word_1_135' title='bbox 689 2123 733 2162; x_wconf 87' lang='grc' dir='ltr'><strong>τοι</strong></span> <span class='ocrx_word' id='word_1_136' title='bbox 751 2100 890 2181; x_wconf 81' lang='grc' dir='ltr'><strong><em>φλεγέθει</em></strong></span> <span class='ocrx_word' id='word_1_137' title='bbox 905 2125 971 2185; x_wconf 88' lang='lat' dir='ltr'><strong>sqq.</strong></span> 
     </span>
    </p>
   </div>
   <div class='ocr_carea' id='block_1_6' title="bbox 384 2207 572 2286">
    <p class='ocr_par' dir='ltr' id='par_1_6' title="bbox 384 2207 572 2286">
     <span class='ocr_line' id='line_1_19' title="bbox 384 2207 572 2286; baseline -0.011 -20"><span class='ocrx_word' id='word_1_138' title='bbox 384 2207 438 2266; x_wconf 85' lang='lat' dir='ltr'><strong>Vs.</strong></span> <span class='ocrx_word' id='word_1_139' title='bbox 454 2217 489 2271; x_wconf 85' lang='lat'><strong>90</strong></span> <span class='ocrx_word' id='word_1_140' title='bbox 505 2227 572 2286; x_wconf 85' lang='lat' dir='ltr'><strong>sqq.</strong></span> 
     </span>
    </p>
   </div>
   <div class='ocr_carea' id='block_1_7' title="bbox 556 2293 1133 2657">
    <p class='ocr_par' dir='ltr' id='par_1_7' title="bbox 563 2293 1133 2486">
     <span class='ocr_line' id='line_1_20' title="bbox 563 2293 1133 2386; baseline 0.004 -22.014"><span class='ocrx_word' id='word_1_141' title='bbox 563 2293 713 2365; x_wconf 77' lang='grc' dir='ltr'><strong><em>Ἰάπτειδ</em></strong></span> <span class='ocrx_word' id='word_1_142' title='bbox 731 2293 928 2363; x_wconf 72' lang='grc' dir='ltr'><strong>ἐλπίδωνΗ</strong></span> <span class='ocrx_word' id='word_1_143' title='bbox 874 2327 918 2382; x_wconf 87' lang='grc' dir='ltr'><strong><em>αφ</em></strong></span> <span class='ocrx_word' id='word_1_144' title='bbox 949 2295 1133 2386; x_wconf 76' lang='grc' dir='ltr'><strong><em>ὑψιπύργων</em></strong></span> 
     </span>
     <span class='ocr_line' id='line_1_21' title="bbox 567 2382 878 2489; baseline 0 -41"><span class='ocrx_word' id='word_1_145' title='bbox 567 2382 720 2460; x_wconf 85' lang='grc' dir='ltr'><strong><em>Πανάλεις</em></strong></span> <span class='ocrx_word' id='word_1_146' title='bbox 726 2383 878 2489; x_wconf 65' lang='lat' dir='ltr'><strong>flpocorig,</strong></span> 
     </span>
    </p>

    <p class='ocr_par' dir='ltr' id='par_1_8' title="bbox 556 2465 975 2552">
     <span class='ocr_line' id='line_1_22' title="bbox 556 2465 975 2552; baseline 0.005 -21"><span class='ocrx_word' id='word_1_147' title='bbox 556 2465 689 2532; x_wconf 74' lang='lat' dir='ltr'><strong>&#39;Btovt’</strong></span> <span class='ocrx_word' id='word_1_148' title='bbox 706 2493 790 2531; x_wconf 88' lang='grc' dir='ltr'><strong><em>οντιν</em></strong></span> <span class='ocrx_word' id='word_1_149' title='bbox 794 2465 975 2552; x_wconf 76' lang='grc' dir='ltr'><strong><em>’ἕξοπλίζει,</em></strong></span> 
     </span>
    </p>

    <p class='ocr_par' dir='ltr' id='par_1_9' title="bbox 570 2547 960 2657">
     <span class='ocr_line' id='line_1_23' title="bbox 570 2547 960 2657; baseline 0.003 -42"><span class='ocrx_word' id='word_1_150' title='bbox 570 2547 658 2615; x_wconf 86' lang='grc' dir='ltr'><strong><em>Τάν’</em></strong></span> <span class='ocrx_word' id='word_1_151' title='bbox 646 2548 771 2616; x_wconf 86' lang='grc' dir='ltr'><strong><em>άποινον</em></strong></span> <span class='ocrx_word' id='word_1_152' title='bbox 785 2556 960 2657; x_wconf 77' lang='grc' dir='ltr'><strong><em>δαιμονίων·</em></strong></span> 
     </span>
    </p>
   </div>
   <div class='ocr_carea' id='block_1_8' title="bbox 564 2633 1009 2744">
    <p class='ocr_par' dir='ltr' id='par_1_10' title="bbox 564 2633 1009 2744">
     <span class='ocr_line' id='line_1_24' title="bbox 564 2633 1009 2744; baseline 0.005 -42.065"><span class='ocrx_word' id='word_1_153' title='bbox 564 2633 736 2744; x_wconf 76' lang='grc' dir='ltr'><strong><em>Ημενον”</em></strong></span> <span class='ocrx_word' id='word_1_154' title='bbox 716 2665 779 2702; x_wconf 89' lang='grc' dir='ltr'><strong><em>ανω</em></strong></span> <span class='ocrx_word' id='word_1_155' title='bbox 793 2635 934 2720; x_wconf 86' lang='grc' dir='ltr'><strong><em>φρόνημά</em></strong></span> <span class='ocrx_word' id='word_1_156' title='bbox 947 2665 1009 2718; x_wconf 85' lang='grc' dir='ltr'><strong>πως</strong></span> 
     </span>
    </p>
   </div>
   <div class='ocr_carea' id='block_1_9' title="bbox 566 2721 986 2890">
    <p class='ocr_par' dir='ltr' id='par_1_11' title="bbox 569 2721 986 2890">
     <span class='ocr_line' id='line_1_25' title="bbox 569 2721 986 2828; baseline 0.014 -44"><span class='ocrx_word' id='word_1_157' title='bbox 569 2721 710 2785; x_wconf 88' lang='grc' dir='ltr'><strong><em>Αντόθεν</em></strong></span> <span class='ocrx_word' id='word_1_158' title='bbox 725 2724 888 2828; x_wconf 75' lang='grc' dir='ltr'><strong><em>ἐξέπραξεν</em></strong></span> <span class='ocrx_word' id='word_1_159' title='bbox 893 2726 986 2805; x_wconf 73' lang='grc' dir='ltr'><strong><em>ἔμπας</em></strong></span> 
     </span>
     <span class='ocr_line' id='line_1_26' title="bbox 566 2800 915 2890; baseline 0.018 -24.126"><span class='ocrx_word' id='word_1_160' title='bbox 566 2800 717 2889; x_wconf 79' lang='grc' dir='ltr'><strong><em>Ἐδράνων</em></strong></span> <span class='ocrx_word' id='word_1_161' title='bbox 735 2801 822 2888; x_wconf 78' lang='grc' dir='ltr'><strong>ἐφ’</strong></span> <span class='ocrx_word' id='word_1_162' title='bbox 804 2813 915 2890; x_wconf 79' lang='grc' dir='ltr'><strong><em>αμνοῖιν</em></strong></span> 
     </span>
    </p>
   </div>
   <div class='ocr_carea' id='block_1_10' title="bbox 318 2911 1451 3057">
    <p class='ocr_par' dir='ltr' id='par_1_12' title="bbox 318 2911 1451 3057">
     <span class='ocr_line' id='line_1_27' title="bbox 318 2911 1451 3057; baseline 0.006 -88"><span class='ocrx_word' id='word_1_163' title='bbox 318 2911 557 3057; x_wconf 64' lang='lat' dir='ltr'><strong>Herprannus</strong></span> <span class='ocrx_word' id='word_1_164' title='bbox 536 2912 625 2970; x_wconf 90' lang='lat' dir='ltr'><strong>elem.</strong></span> <span class='ocrx_word' id='word_1_165' title='bbox 649 2921 735 2972; x_wconf 74' lang='lat' dir='ltr'><strong>metu</strong></span> <span class='ocrx_word' id='word_1_166' title='bbox 756 2934 786 2992; x_wconf 92' lang='lat' dir='ltr'><strong>p.</strong></span> <span class='ocrx_word' id='word_1_167' title='bbox 804 2924 861 2978; x_wconf 73' lang='grc' dir='ltr'>ιιι.</span> <span class='ocrx_word' id='word_1_168' title='bbox 877 2936 983 2977; x_wconf 81' lang='lat' dir='ltr'><strong>versus</strong></span> <span class='ocrx_word' id='word_1_169' title='bbox 1003 2925 1169 2994; x_wconf 89' lang='lat' dir='ltr'><strong>postremos</strong></span> <span class='ocrx_word' id='word_1_170' title='bbox 1184 2916 1294 2976; x_wconf 89' lang='lat' dir='ltr'><strong>hunc</strong></span> <span class='ocrx_word' id='word_1_171' title='bbox 1286 2938 1316 2979; x_wconf 87' lang='grc' dir='ltr'><strong>ιιι</strong></span> <span class='ocrx_word' id='word_1_172' title='bbox 1331 2915 1451 2976; x_wconf 85' lang='lat' dir='ltr'><strong>modum</strong></span> 
     </span>
     <span class='ocr_line' id='line_1_28' title="bbox 319 3003 425 3057; baseline -0.022 -3"><span class='ocrx_word' id='word_1_173' title='bbox 319 3003 425 3057; x_wconf 84' lang='lat' dir='ltr'><strong>scrrrt</strong></span> 
     </span>
    </p>
   </div>
   <div class='ocr_carea' id='block_1_11' title="bbox 309 3080 1455 4141">
    <p class='ocr_par' dir='ltr' id='par_1_13' title="bbox 494 3080 988 3179">
     <span class='ocr_line' id='line_1_29' title="bbox 494 3080 988 3179; baseline 0.013 -43"><span class='ocrx_word' id='word_1_174' title='bbox 494 3091 497 3098; x_wconf 91' lang='lat'>&#39;</span> <span class='ocrx_word' id='word_1_175' title='bbox 570 3069 988 3180; x_wconf 82' lang='grc' dir='ltr'><strong><em>τάνάπονονδαιμονίων,</em></strong></span> 
     </span>
    </p>

    <p class='ocr_par' dir='ltr' id='par_1_14' title="bbox 568 3148 1092 3264">
     <span class='ocr_line' id='line_1_30' title="bbox 568 3148 1092 3264; baseline 0.013 -41"><span class='ocrx_word' id='word_1_176' title='bbox 568 3156 680 3264; x_wconf 89' lang='grc' dir='ltr'><strong><em>ήμενον</em></strong></span> <span class='ocrx_word' id='word_1_177' title='bbox 697 3148 747 3225; x_wconf 67' lang='grc' dir='ltr'><strong>(όν</strong></span> <span class='ocrx_word' id='word_1_178' title='bbox 767 3159 907 3246; x_wconf 88' lang='grc' dir='ltr'><strong><em>φρόνημά</em></strong></span> <span class='ocrx_word' id='word_1_179' title='bbox 920 3190 982 3240; x_wconf 88' lang='grc' dir='ltr'><strong>πως</strong></span> <span class='ocrx_word' id='word_1_180' title='bbox 1089 3224 1092 3230; x_wconf 92' lang='grc'><strong><em>.</em></strong></span> 
     </span>
    </p>

    <p class='ocr_par' dir='ltr' id='par_1_15' title="bbox 569 3240 935 3353">
     <span class='ocr_line' id='line_1_31' title="bbox 569 3240 935 3353; baseline 0.009 -46"><span class='ocrx_word' id='word_1_181' title='bbox 569 3240 701 3308; x_wconf 75' lang='grc' dir='ltr'><strong><em>αὐτόθεν</em></strong></span> <span class='ocrx_word' id='word_1_182' title='bbox 704 3246 870 3353; x_wconf 77' lang='grc' dir='ltr'><strong><em>ἐξέπραξεν</em></strong></span> <span class='ocrx_word' id='word_1_183' title='bbox 886 3249 935 3328; x_wconf 75' lang='grc' dir='ltr'><strong>ἔμ-</strong></span> 
     </span>
    </p>

    <p class='ocr_par' dir='ltr' id='par_1_16' title="bbox 318 3326 1455 4108">
     <span class='ocr_line' id='line_1_32' title="bbox 569 3326 1109 3415; baseline 0.009 -24"><span class='ocrx_word' id='word_1_184' title='bbox 569 3353 627 3405; x_wconf 88' lang='grc' dir='ltr'><strong>πας</strong></span> <span class='ocrx_word' id='word_1_185' title='bbox 642 3326 773 3414; x_wconf 75' lang='grc' dir='ltr'><strong><em>ἑδράνων</em></strong></span> <span class='ocrx_word' id='word_1_186' title='bbox 789 3327 870 3411; x_wconf 77' lang='grc' dir='ltr'><strong>ἐφ’</strong></span> <span class='ocrx_word' id='word_1_187' title='bbox 853 3337 963 3415; x_wconf 80' lang='grc' dir='ltr'><strong><em>αγνῶν.</em></strong></span> <span class='ocrx_word' id='word_1_188' title='bbox 1062 3344 1064 3350; x_wconf 85' lang='grc'><strong>’</strong></span> <span class='ocrx_word' id='word_1_189' title='bbox 1107 3387 1109 3396; x_wconf 85' lang='grc'>.</span> 
     </span>
     <span class='ocr_line' id='line_1_33' title="bbox 319 3434 1450 3517; baseline 0.003 -22"><span class='ocrx_word' id='word_1_190' title='bbox 319 3434 369 3495; x_wconf 81' lang='lat' dir='ltr'><strong>nd</strong></span> <span class='ocrx_word' id='word_1_191' title='bbox 388 3453 466 3516; x_wconf 88' lang='lat' dir='ltr'><strong>quac</strong></span> <span class='ocrx_word' id='word_1_192' title='bbox 489 3435 675 3515; x_wconf 78' lang='lat' dir='ltr'><strong>explicanda</strong></span> <span class='ocrx_word' id='word_1_193' title='bbox 696 3451 787 3517; x_wconf 89' lang='lat' dir='ltr'><strong>quum</strong></span> <span class='ocrx_word' id='word_1_194' title='bbox 801 3438 923 3496; x_wconf 90' lang='lat' dir='ltr'><strong>nihil&#39;</strong></span> <span class='ocrx_word' id='word_1_195' title='bbox 899 3445 938 3495; x_wconf 85' lang='lat' dir='ltr'><strong>srt</strong></span> <span class='ocrx_word' id='word_1_196' title='bbox 926 3436 1164 3512; x_wconf 84' lang='lat' dir='ltr'><strong>tediectum,</strong></span> <span class='ocrx_word' id='word_1_197' title='bbox 1148 3461 1209 3498; x_wconf 90' lang='lat' dir='ltr'><strong>non</strong></span> <span class='ocrx_word' id='word_1_198' title='bbox 1231 3449 1314 3501; x_wconf 87' lang='lat' dir='ltr'><strong>certo</strong></span> <span class='ocrx_word' id='word_1_199' title='bbox 1330 3441 1450 3514; x_wconf 90' lang='lat' dir='ltr'><strong>scimus,</strong></span> 
     </span>
     <span class='ocr_line' id='line_1_34' title="bbox 319 3516 1453 3606; baseline 0.004 -28"><span class='ocrx_word' id='word_1_200' title='bbox 319 3541 379 3600; x_wconf 90' lang='lat' dir='ltr'><strong>quo</strong></span> <span class='ocrx_word' id='word_1_201' title='bbox 399 3519 488 3580; x_wconf 91' lang='lat' dir='ltr'><strong>modo</strong></span> <span class='ocrx_word' id='word_1_202' title='bbox 509 3521 706 3580; x_wconf 81' lang='lat' dir='ltr'><strong>intellexerit.</strong></span> <span class='ocrx_word' id='word_1_203' title='bbox 741 3516 891 3598; x_wconf 87' lang='grc' dir='ltr'><strong><em>Δαιμόνια</em></strong></span> <span class='ocrx_word' id='word_1_204' title='bbox 905 3541 960 3600; x_wconf 92' lang='lat' dir='ltr'><strong>pro</strong></span> <span class='ocrx_word' id='word_1_205' title='bbox 984 3520 1120 3597; x_wconf 82' lang='grc' dir='ltr'><strong><em>δαίμονες</em></strong></span> <span class='ocrx_word' id='word_1_206' title='bbox 1142 3524 1223 3606; x_wconf 80' lang='lat' dir='ltr'><strong>apud</strong></span> <span class='ocrx_word' id='word_1_207' title='bbox 1237 3535 1346 3604; x_wconf 81' lang='lat' dir='ltr'><strong>poetas</strong></span> <span class='ocrx_word' id='word_1_208' title='bbox 1360 3525 1453 3602; x_wconf 84' lang='lat' dir='ltr'><strong>tragi-</strong></span> 
     </span>
     <span class='ocr_line' id='line_1_35' title="bbox 320 3603 1455 3709; baseline 0.001 -44"><span class='ocrx_word' id='word_1_209' title='bbox 320 3627 370 3665; x_wconf 91' lang='lat' dir='ltr'><strong>cos</strong></span> <span class='ocrx_word' id='word_1_210' title='bbox 392 3605 453 3664; x_wconf 89' lang='lat' dir='ltr'><strong>dici</strong></span> <span class='ocrx_word' id='word_1_211' title='bbox 476 3626 537 3665; x_wconf 90' lang='lat' dir='ltr'><strong>non</strong></span> <span class='ocrx_word' id='word_1_212' title='bbox 557 3607 755 3682; x_wconf 85' lang='lat' dir='ltr'><strong>meminimus.</strong></span> <span class='ocrx_word' id='word_1_213' title='bbox 787 3606 1005 3705; x_wconf 85' lang='grc' dir='ltr'><strong><em>Δαιμονίως</em></strong></span> <span class='ocrx_word' id='word_1_214' title='bbox 1024 3603 1192 3708; x_wconf 81' lang='lat' dir='ltr'><strong>legendum</strong></span> <span class='ocrx_word' id='word_1_215' title='bbox 1203 3619 1360 3709; x_wconf 86' lang='lat' dir='ltr'><strong>putamus,</strong></span> <span class='ocrx_word' id='word_1_216' title='bbox 1376 3611 1455 3669; x_wconf 88' lang='lat' dir='ltr'><strong>sicut</strong></span> 
     </span>
     <span class='ocr_line' id='line_1_36' title="bbox 309 3677 1454 3789; baseline 0.001 -40.008"><span class='ocrx_word' id='word_1_217' title='bbox 309 3691 428 3789; x_wconf 74' lang='lat' dir='ltr'><strong>·Agam.</strong></span> <span class='ocrx_word' id='word_1_218' title='bbox 451 3711 481 3752; x_wconf 87' lang='lat' dir='ltr'><strong>v</strong></span> <span class='ocrx_word' id='word_1_219' title='bbox 498 3700 549 3755; x_wconf 82' lang='lat'><strong>365</strong></span> <span class='ocrx_word' id='word_1_220' title='bbox 548 3711 623 3787; x_wconf 90' lang='lat' dir='ltr'><strong>pro</strong></span> <span class='ocrx_word' id='word_1_221' title='bbox 642 3677 815 3767; x_wconf 87' lang='grc' dir='ltr'><strong><em>άτολμήτων</em></strong></span> <span class='ocrx_word' id='word_1_222' title='bbox 833 3681 911 3768; x_wconf 75' lang='grc' dir='ltr'><strong>’Ἁρη</strong></span> <span class='ocrx_word' id='word_1_223' title='bbox 933 3684 1084 3750; x_wconf 89' lang='grc' dir='ltr'><strong><em>πνεόντων</em></strong></span> <span class='ocrx_word' id='word_1_224' title='bbox 1106 3694 1279 3770; x_wconf 84' lang='lat' dir='ltr'><strong>corrigimus</strong></span> <span class='ocrx_word' id='word_1_225' title='bbox 1295 3685 1454 3769; x_wconf 89' lang='grc' dir='ltr'><strong><em>άτολμη-</em></strong></span> 
     </span>
     <span class='ocr_line' id='line_1_37' title="bbox 318 3764 1453 3855; baseline 0.004 -23"><span class='ocrx_word' id='word_1_226' title='bbox 318 3795 386 3846; x_wconf 87' lang='grc' dir='ltr'><strong><em>τως</em></strong></span> <span class='ocrx_word' id='word_1_227' title='bbox 393 3767 469 3854; x_wconf 79' lang='grc' dir='ltr'><strong>’Ἁρη</strong></span> <span class='ocrx_word' id='word_1_228' title='bbox 485 3768 643 3834; x_wconf 88' lang='grc' dir='ltr'><strong><em>πνεόντων.</em></strong></span> <span class='ocrx_word' id='word_1_229' title='bbox 659 3776 742 3834; x_wconf 89' lang='lat' dir='ltr'><strong>Dein</strong></span> <span class='ocrx_word' id='word_1_230' title='bbox 756 3796 811 3854; x_wconf 88' lang='lat' dir='ltr'><strong>pro</strong></span> <span class='ocrx_word' id='word_1_231' title='bbox 821 3777 967 3855; x_wconf 87' lang='lat' dir='ltr'><strong>corruptis</strong></span> <span class='ocrx_word' id='word_1_232' title='bbox 982 3764 1037 3834; x_wconf 85' lang='grc' dir='ltr'><strong>τάν</strong></span> <span class='ocrx_word' id='word_1_233' title='bbox 1052 3767 1177 3835; x_wconf 89' lang='grc' dir='ltr'><strong><em>άποινον</em></strong></span> <span class='ocrx_word' id='word_1_234' title='bbox 1192 3778 1277 3836; x_wconf 84' lang='lat' dir='ltr'><strong>facili</strong></span> <span class='ocrx_word' id='word_1_235' title='bbox 1288 3780 1453 3836; x_wconf 80' lang='lat' dir='ltr'><strong>mutatione</strong></span> 
     </span>
     <span class='ocr_line' id='line_1_38' title="bbox 318 3847 1454 3942; baseline -0.001 -23"><span class='ocrx_word' id='word_1_236' title='bbox 318 3853 441 3919; x_wconf 86' lang='grc' dir='ltr'><strong><em>πάντα</em></strong></span> <span class='ocrx_word' id='word_1_237' title='bbox 462 3851 580 3918; x_wconf 89' lang='grc' dir='ltr'><strong><em>πόνον</em></strong></span> <span class='ocrx_word' id='word_1_238' title='bbox 601 3869 632 3920; x_wconf 91' lang='lat' dir='ltr'><strong>et</strong></span> <span class='ocrx_word' id='word_1_239' title='bbox 645 3879 700 3940; x_wconf 92' lang='lat' dir='ltr'><strong>pro</strong></span> <span class='ocrx_word' id='word_1_240' title='bbox 715 3847 788 3935; x_wconf 81' lang='grc' dir='ltr'><strong><em>άνω,</em></strong></span> <span class='ocrx_word' id='word_1_241' title='bbox 805 3861 886 3941; x_wconf 88' lang='lat' dir='ltr'><strong>quod</strong></span> <span class='ocrx_word' id='word_1_242' title='bbox 902 3864 953 3922; x_wconf 91' lang='lat' dir='ltr'><strong>et</strong></span> <span class='ocrx_word' id='word_1_243' title='bbox 946 3883 1044 3942; x_wconf 88' lang='lat' dir='ltr'><strong>rpsum</strong></span> <span class='ocrx_word' id='word_1_244' title='bbox 1057 3870 1226 3938; x_wconf 89' lang='lat' dir='ltr'><strong>corruptum</strong></span> <span class='ocrx_word' id='word_1_245' title='bbox 1243 3881 1310 3920; x_wconf 87' lang='lat' dir='ltr'><strong>esse</strong></span> <span class='ocrx_word' id='word_1_246' title='bbox 1327 3869 1454 3920; x_wconf 88' lang='lat' dir='ltr'><strong>metrum</strong></span> 
     </span>
     <span class='ocr_line' id='line_1_39' title="bbox 319 3935 1453 4023; baseline 0 -21"><span class='ocrx_word' id='word_1_247' title='bbox 319 3938 457 4018; x_wconf 84' lang='lat' dir='ltr'><strong>docet,</strong></span> <span class='ocrx_word' id='word_1_248' title='bbox 442 3935 482 4004; x_wconf 84' lang='lat' dir='ltr'><strong>&#39;ov</strong></span> <span class='ocrx_word' id='word_1_249' title='bbox 497 3944 661 4022; x_wconf 83' lang='lat' dir='ltr'><strong>legendum</strong></span> <span class='ocrx_word' id='word_1_250' title='bbox 675 3953 827 4023; x_wconf 82' lang='lat' dir='ltr'><strong>putamus.</strong></span> <span class='ocrx_word' id='word_1_251' title='bbox 865 3947 954 4008; x_wconf 86' lang='lat' dir='ltr'><strong>Mens</strong></span> <span class='ocrx_word' id='word_1_252' title='bbox 970 3947 1050 4004; x_wconf 88' lang='lat' dir='ltr'><strong>enirn</strong></span> <span class='ocrx_word' id='word_1_253' title='bbox 1066 3954 1173 4003; x_wconf 85' lang='lat' dir='ltr'><strong>sancta</strong></span> <span class='ocrx_word' id='word_1_254' title='bbox 1187 3943 1261 4003; x_wconf 89' lang='lat' dir='ltr'><strong>sede</strong></span> <span class='ocrx_word' id='word_1_255' title='bbox 1277 3946 1378 4022; x_wconf 84' lang='lat' dir='ltr'><strong>posite</strong></span> <span class='ocrx_word' id='word_1_256' title='bbox 1392 3965 1453 4004; x_wconf 92' lang='grc' dir='ltr'>ιιοιι</span> 
     </span>
     <span class='ocr_line' id='line_1_40' title="bbox 318 4027 1146 4141; baseline 0.002 -55"><span class='ocrx_word' id='word_1_257' title='bbox 318 4027 403 4087; x_wconf 79' lang='lat' dir='ltr'><strong>alius</strong></span> <span class='ocrx_word' id='word_1_258' title='bbox 413 4049 480 4088; x_wconf 87' lang='lat' dir='ltr'><strong>esse</strong></span> <span class='ocrx_word' id='word_1_259' title='bbox 495 4037 608 4106; x_wconf 84' lang='lat' dir='ltr'><strong>potest,</strong></span> <span class='ocrx_word' id='word_1_260' title='bbox 625 4049 715 4141; x_wconf 81' lang='lat' dir='ltr'><strong>quapr</strong></span> <span class='ocrx_word' id='word_1_261' title='bbox 729 4029 822 4090; x_wconf 86' lang='lat' dir='ltr'><strong>Iovis</strong></span> <span class='ocrx_word' id='word_1_262' title='bbox 856 4031 1069 4091; x_wconf 73' lang='lat' dir='ltr'><strong>Scribimus&lt;r</strong></span> <span class='ocrx_word' id='word_1_263' title='bbox 1038 4030 1146 4105; x_wconf 86' lang='lat' dir='ltr'><strong>igitur:</strong></span> 
     </span>
    </p>
   </div>
   <div class='ocr_carea' id='block_1_12' title="bbox 569 4117 1073 4311">
    <p class='ocr_par' dir='ltr' id='par_1_17' title="bbox 569 4117 1073 4292">
     <span class='ocr_line' id='line_1_41' title="bbox 571 4117 981 4202; baseline 0.005 -16.146"><span class='ocrx_word' id='word_1_264' title='bbox 571 4117 695 4186; x_wconf 79' lang='lat' dir='ltr'><strong>B’luvtl</strong></span> <span class='ocrx_word' id='word_1_265' title='bbox 713 4117 808 4188; x_wconf 77' lang='grc' dir='ltr'><strong><em>οὔτιν’</em></strong></span> <span class='ocrx_word' id='word_1_266' title='bbox 827 4124 981 4202; x_wconf 34' lang='grc' dir='ltr'><strong><em>Ἢξοπλίζει</em></strong></span> 
     </span>
     <span class='ocr_line' id='line_1_42' title="bbox 569 4203 1073 4311; baseline 0.016 -44"><span class='ocrx_word' id='word_1_267' title='bbox 569 4203 700 4270; x_wconf 89' lang='grc' dir='ltr'><strong><em>Πάντα</em></strong></span> <span class='ocrx_word' id='word_1_268' title='bbox 721 4206 841 4272; x_wconf 88' lang='grc' dir='ltr'><strong><em>πόνον</em></strong></span> <span class='ocrx_word' id='word_1_269' title='bbox 864 4211 1073 4311; x_wconf 86' lang='grc' dir='ltr'><strong><em>δαιμονίως</em></strong></span> 
     </span>
    </p>
   </div>
   <div class='ocr_carea' id='block_1_13' title="bbox 563 4286 1332 4462">
    <p class='ocr_par' dir='ltr' id='par_1_18' title="bbox 563 4286 1323 4462">
     <span class='ocr_line' id='line_1_43' title="bbox 563 4286 994 4376; baseline 0.014 -23.201"><span class='ocrx_word' id='word_1_270' title='bbox 563 4286 729 4372; x_wconf 76' lang='grc' dir='ltr'><strong><em>Ἥμενον“</em></strong></span> <span class='ocrx_word' id='word_1_271' title='bbox 714 4318 754 4355; x_wconf 93' lang='grc' dir='ltr'><strong>ον</strong></span> <span class='ocrx_word' id='word_1_272' title='bbox 774 4289 916 4376; x_wconf 86' lang='grc' dir='ltr'><strong><em>φρόνημά</em></strong></span> <span class='ocrx_word' id='word_1_273' title='bbox 932 4319 994 4370; x_wconf 87' lang='grc' dir='ltr'><strong>πως</strong></span> 
     </span>
     <span class='ocr_line' id='line_1_44' title="bbox 568 4373 1332 4462; baseline 0 -24"><span class='ocrx_word' id='word_1_274' title='bbox 568 4373 709 4439; x_wconf 83' lang='grc' dir='ltr'><strong><em>Αότόθεν</em></strong></span> <span class='ocrx_word' id='word_1_275' title='bbox 724 4378 877 4460; x_wconf 77' lang='grc' dir='ltr'><strong><em>ἐξέπραξεν</em></strong></span> <span class='ocrx_word' id='word_1_276' title='bbox 896 4382 989 4460; x_wconf 70' lang='grc' dir='ltr'><strong><em>ἔμπας</em></strong></span> <span class='ocrx_word' id='word_1_277' title='bbox 1005 4375 1138 4462; x_wconf 78' lang='grc' dir='ltr'><strong><em>ἑδράνων</em></strong></span> <span class='ocrx_word' id='word_1_278' title='bbox 1156 4373 1239 4460; x_wconf 70' lang='grc' dir='ltr'><strong>ἐφΗ</strong></span> <span class='ocrx_word' id='word_1_279' title='bbox 1222 4380 1332 4462; x_wconf 80' lang='grc' dir='ltr'><strong><em>αγνάν.</em></strong></span> 
     </span>
    </p>
   </div>
   <div class='ocr_carea' id='block_1_14' title="bbox 317 4477 1450 4563">
    <p class='ocr_par' dir='ltr' id='par_1_19' title="bbox 317 4477 1450 4563">
     <span class='ocr_line' id='line_1_45' title="bbox 317 4477 1450 4563; baseline 0 -27"><span class='ocrx_word' id='word_1_280' title='bbox 317 4477 405 4557; x_wconf 81' lang='lat' dir='ltr'><strong>Quae</strong></span> <span class='ocrx_word' id='word_1_281' title='bbox 423 4479 606 4542; x_wconf 85' lang='lat' dir='ltr'><strong>mutationes</strong></span> <span class='ocrx_word' id='word_1_282' title='bbox 622 4490 659 4542; x_wconf 90' lang='lat' dir='ltr'><strong>et</strong></span> <span class='ocrx_word' id='word_1_283' title='bbox 665 4501 748 4542; x_wconf 82' lang='lat' dir='ltr'><strong>nexu</strong></span> <span class='ocrx_word' id='word_1_284' title='bbox 765 4483 1013 4545; x_wconf 82' lang='lat' dir='ltr'><strong>commendentur</strong></span> <span class='ocrx_word' id='word_1_285' title='bbox 1030 4483 1111 4563; x_wconf 79' lang='lat' dir='ltr'><strong>(Vim</strong></span> <span class='ocrx_word' id='word_1_286' title='bbox 1129 4489 1174 4544; x_wconf 82' lang='lat' dir='ltr'><strong>ille</strong></span> <span class='ocrx_word' id='word_1_287' title='bbox 1185 4491 1289 4545; x_wconf 83' lang='lat' dir='ltr'><strong>nullom</strong></span> <span class='ocrx_word' id='word_1_288' title='bbox 1305 4488 1450 4554; x_wconf 82' lang='lat' dir='ltr'><strong>exarmat,</strong></span> 
     </span>
    </p>
   </div>
   <div class='ocr_carea' id='block_1_15' title="bbox 0 0 1631 5328">
    <p class='ocr_par' dir='ltr' id='par_1_20' title="bbox 0 0 1631 5328">
     <span class='ocr_line' id='line_1_46' title="bbox 0 0 1631 5328; baseline 0 0"><span class='ocrx_word' id='word_1_289' title='bbox 0 0 1631 5328; x_wconf 95' lang='lat' dir='ltr'><strong> </strong></span> 
     </span>
    </p>
   </div>
  </div>
 </body>
</html>
