3246 5328
266 358 308 420 56
614 353 655 405 Ι)ε
671 349 801 419 Aeschyli
817 349 1029 417 Agamemnone.

270 524 341 602 Quo
356 523 426 581 loco
442 511 566 594 ἆστέρας
581 499 853 597 nequaquamcum
870 503 939 586 τοδς
953 511 1100 591 φέροντας
1116 506 1263 588 δυνάστας
1281 519 1409 596 iungen-

271 611 342 669 dum
361 617 423 680 est,
447 605 501 666 sed
517 602 714 664 excubitori
706 622 738 660 ιιι
752 601 813 660 fine
830 600 951 659 demum
966 602 1112 662 orationis
1128 603 1159 661 in
1174 611 1307 662 mentem
1323 605 1410 664 venit

270 693 442 754 sententiae
463 687 699 768 amplificandae
721 705 828 746 caussa
852 684 890 744 de
915 694 981 744 ortu
1003 695 1035 745 et
1052 707 1162 748 occasu
1180 683 1313 748 siderum
1333 709 1408 748 non·
1463 737 1466 744 .

269 778 357 838 nulla
373 775 501 848 addere,
526 772 608 832 unde
627 771 747 830 laxiore
765 791 848 830 nexu
852 759 989 870 ιἰστέρας
1002 770 1256 834 antecedentibus
1273 775 1409 853 apponit,

272 861 352 957 quod
365 860 519 920 concionis
533 865 563 916 et
580 858 645 915 eius
659 856 830 934 principum
851 855 984 950 imagine
1001 855 1123 916 dixerat
1135 846 1299 936 (ὁμήγυριν
1308 857 1408 916 -δυ-

271 939 404 1024 νόστας),
419 944 541 1023 proprio
555 939 708 1000 vocabulo
725 940 911 1035 designans.
931 926 1071 1010 Ἀντολός
1084 961 1116 999 τε
1130 941 1191 1002 τῶν
1205 951 1323 1004 mutata
1339 965 1407 1004 cou-

272 1031 438 1091 structione
456 1029 540 1088 dicta
562 1034 649 1124 sunt3
679 1034 875 1104 exspectares
891 1013 974 1082 αλλοι
991 1044 1021 1082 τε
1036 1019 1230 1086 έπιτέλλοισιν.

356 1116 395 1176 V.
414 1125 456 1177 12.
484 1096 558 1171 Evr'
576 1132 614 1168 αν
632 1072 664 1169 δέ
680 1109 919 1206 νυκτίπλαγκτον
933 1098 1114 1182 ένδροσόντ’
1132 1108 1189 1188 ἔχεο

482 1186 588 1296 Εὖνην
602 1185 747 1292 ὀνείροις
741 1182 797 1253 οὐκ
797 1189 1071 1293 ἐπισκοπουμένην

397 1355 400 1362 ¹
485 1271 593 1380 Ἑμην·
609 1267 770 1357 φόβοςγδιρ
788 1267 863 1335 ἄνθ’
886 1297 985 1336 υπνου
1001 1283 1196 1377 παραστατεῖ,

485 1358 525 1424 Tri
538 1385 579 1441 μη
570 1354 721 1464 βεβαίως
735 1359 882 1460 βλέφαρα
886 1354 1080 1440 συμβαλεῖν”
1060 1383 1163 1450 υπνιμ·
1172 1398 1215 1408 -

483 1440 578 1510 Οταυ
593 1440 621 1506 δ
646 1437 789 1508 αείδειν
771 1469 790 1524 η
809 1439 989 1526 μινύρεσθαι
1005 1445 1095 1522 δοκοο,

379 1605 383 1616 ,
483 1526 602 1592 ’Τπνου
617 1524 679 1592 τόδ’
696 1524 878 1610 ἀντίμολπον
899 1523 1081 1632 έντέμνων”
1061 1553 1147 1606 ακος,

485 1609 633 1678 Κλαίω
601 1607 661 1677 τοτ’
680 1615 768 1676 οἴκου
782 1617 870 1676 τοῦδε
884 1607 1043 1696 συμφορὰν
1056 1615 1182 1692 στένων,

488 1693 588 1782 Odp‘
568 1725 607 1775 αις
621 1692 657 1760 τό
674 1692 788 1802 πρόσθ’
809 1693 916 1780 δι’ριστα
934 1699 1179 1780 διαπονουμένου.

276 1791 352 1848 Post
367 1805 455 1870 υπνρ)
471 1791 687 1867 aposiopeseos
704 1789 823 1865 signum
838 1788 960 1868 addidi,
978 1791 1050 1868 quia
1070 1788 1211 1870 apodosis
1224 1787 1334 1845 omissa
1354 1794 1410 1849 cst.

276 1874 350 1934 Noli
366 1874 446 1932 enim
461 1873 499 1932 de
517 1874 681 1933 artificiosa
697 1861 921 1933 constructione
938 1876 1088 1952 cogitare,
1108 1893 1199 1954 quam
1213 1872 1411 1932 Wellauerus

276 1959 443 2038 proposuit,
458 1979 519 2038 qua
536 1957 669 2017 admissa
681 1957 841 2016 excubitor
856 1959 946 2037 longe
963 1955 1047 2018 aliud
1062 1957 1137 2018 dicit
1152 1967 1244 2036 atque
1262 1957 1293 2015 in
1310 1965 1393 2016 ment
1395 1977 1411 2016 e

277 2043 380 2102 habeta
419 2043 522 2121 Luget
545 2043 600 2102 ille
620 2043 763 2101 miseram
784 2061 870 2102 suam
891 2043 1110 2116 conditionem,
1135 2041 1218 2124 quod
1233 2062 1289 2122 pro
1307 2062 1412 2101 somno

277 2129 441 2202 insomnia,
460 2136 633 2207 procantu,
649 2148 709 2207 quo
726 2129 757 2185 in
773 2128 912 2186 excubiis
929 2138 960 2188 et
972 2130 1088 2208 ‘vigiliis
1102 2138 1222 2206 tempus
1239 2125 1349 2186 fallere
1365 2148 1411 2186 so·

276 2213 398 2287 lebant,
421 2214 601 2272 lamentatio
623 2212 661 2271 de
686 2211 791 2272 domus
808 2212 1075 2290 'Agamemnoniae
1097 2213 1220 2272 miseria
1237 2221 1267 2271 et
1283 2212 1413 2289 gemitus

277 2298 337 2357 sibi
357 2299 545 2375 contingant.
580 2296 681 2374 Quam
701 2298 794 2374 igitur
814 2298 845 2355 in
859 2307 964 2358 mente
976 2298 1087 2373 habet,
1104 2298 1245 2376 apodosis
1260 2297 1337 2356 haec
1353 2305 1413 2356 est:

278 2382 412 2459 Quando
430 2383 543 2440 lectum
562 2402 664 2440 meum
684 2389 791 2455 teneo,
809 2378 965 2441 insomniis
983 2403 1069 2460 agor3
1092 2403 1184 2462 quam
1199 2383 1325 2456 omittit,
1342 2383 1415 2462 quia
1465 2411 1467 2416 ·

279 2467 410 2528 eandem
429 2466 614 2526 sententiam
635 2465 696 2523 iam
716 2467 831 2543 protasi
848 2467 968 2540 intulit,
989 2466 1088 2539 unde,
1105 2487 1146 2526 ne
1163 2466 1270 2526 eadem
1285 2473 1414 2545 repetat,

279 2553 447 2612 orationem
461 2551 623 2630 abrumpit.
664 2549 779 2610 Amant
795 2551 875 2610 enim
889 2552 1027 2612 homines
1043 2552 1126 2610 illius
1142 2552 1264 2630 generis
1279 2561 1414 2611 constru-

280 2639 412 2698 ctionem
428 2639 472 2696 ita
490 2635 697 2710 confundere,
715 2645 763 2710 ut,
780 2656 859 2714 quae
875 2637 907 2695 in
921 2638 1090 2714 posteriore
1107 2637 1251 2696 orationis
1262 2645 1349 2716 parte
1369 2636 1413 2696 di·
1433 2665 1437 2672 ·

280 2722 379 2782 cenda
401 2731 484 2795 sunt,
508 2723 540 2780 in
560 2722 659 2798 priore
677 2729 914 2798 praeoccupent.
893 2721 1040 2780 tIdem
1064 2721 1144 2780 infra
1165 2742 1184 2780 a
1203 2741 1356 2800 praecone
1373 2723 1416 2782 ita

280 2807 330 2880 fit,
346 2815 380 2864 ut
395 2767 537 2884 apodbsis
550 2812 634 2862 recte
651 2824 683 2863 se
698 2804 822 2862 babeat.

341 2890 380 2948 V.
398 2891 520 2953 575.Τ
492 2887 638 2946 Τίταῦτα
651 2891 777 2946 πενθεῖν
794 2885 856 2946 δεῖ·
847 2887 1044 2994 ςπαροίχετμι
1058 2880 1164 2960 πόνος·

489 2971 669 3072 Παροίχεται
685 2968 716 3032 δέ
731 2976 807 3031 τοῖσι
822 2969 876 3073 μέν
887 2967 1081 3073 τεθνηκόσιν,

492 3047 534 3115 Tri
553 3047 662 3156 μηποτ’
680 3040 773 3129 αυθις
787 3049 895 3134 μηδΗ
878 3075 1045 3135 αναστηναι
1059 3055 1165 3137 μέλειν.

493 3141 533 3199 Τί
543 3161 612 3212 τους
627 3131 766 3201 ἆναλαιθέ
767 3163 837 3215 ντας
857 3139 889 3202 έν
880 3136 1001 3242 ψηφηι
1016 3141 1126 3223 λέγειν,

492 3213 553 3284 Τδν
566 3225 661 3296 ζῶντα
677 3215 703 3283 δ’
720 3217 821 3305 ἆλμεῖν
836 3217 891 3306 χρὴ
909 3221 998 3306 τόχης
1010 3224 1206 3308 παλιμκότου;

492 3307 551 3368 Καὶ
566 3301 660 3370 πολλὰ
675 3311 788 3388 χαίρειν
809 3313 973 3412 ξυμφμραις
987 3314 1124 3388 καταξιῶ

495 3382 584 3472 Ημῖν
600 3392 633 3456 δέ
646 3401 709 3466 τοῖς
727 3399 876 3457 λοιποῖσιν
886 3390 1028 3499 Ἀρηείων
1047 3397 1173 3472 στρατοῦ

492 3480 577 3561 Νικᾷ
591 3501 623 3539 το
613 3470 758 3558 κέρδος,
774 3482 860 3562 πῆμα
876 3474 905 3541 δ’
922 3473 978 3542 οόκ
999 3474 1178 3586 ἆντιρῤἑπει.

283 3561 320 3620 In
338 3561 385 3620 his
403 3561 463 3621 sibi
477 3575 633 3646 opponunt
633 3588 669 3626 ur
682 3570 758 3625 τοισι
774 3564 828 3644 μὲν
848 3562 1030 3645 τεθνηκόσιν
1046 3581 1077 3630 et
1091 3561 1166 3646 ημῖν
1181 3564 1213 3626 δὲ
1228 3569 1289 3636 τοῖς
1304 3567 1415 3622 λοιποῖ-

282 3660 330 3704 σιν
344 3635 491 3754 Ἀργείων1
498 3651 639 3728 στρατοῦ,
663 3661 694 3712 et
707 3655 829 3754 proprie
846 3654 1010 3714 dicendum
1027 3664 1107 3715 erat:
1131 3651 1300 3730 παροίχεται
1315 3641 1416 3716 πόνος

285 3721 356 3788 ω’στε
368 3735 443 3789 τοῖσι
458 3730 514 3832 μὲν
528 3730 706 3812 τεθνηκόσιν
720 3728 791 3812 μηδ’
811 3729 976 3814 ἀναστῆναι
991 3736 1104 3815 μέλειν,
1119 3741 1180 3808 τοῖς
1197 3731 1228 3794 δὲ
1243 3736 1370 3790 λοιποῖσι
1386 3721 1417 3788 τὸ

284 3810 387 3889 κέρδος
402 3819 500 3876 νικᾶν.
541 3819 788 3881 Consentaneum
811 3832 858 3882 est
876 3825 968 3902 igitur
988 3842 1171 3901 praeconem
1187 3840 1253 3878 eam
1274 3817 1417 3876 orationis

283 3899 522 3975 part1tronem1n
537 3914 639 3964 mente
654 3905 866 3980 habuissent
883 3910 984 3985 priore
1004 3909 1072 3965 loco
1092 3905 1130 3963 de
1146 3903 1285 3976 mortuns,
1305 3901 1417 3960 deinde

235 3997 239 4004 ’
285 3979 360 4038 de”
340 4002 376 4039 ns
383 3987 459 4061 ‚qui
474 3987 641 4048 incolumes
656 4000 869 4065 superessent,
889 3990 1015 4049 diceret
1049 3988 1111 4050 Sed
1127 3989 1248 4046 fervore
1264 3987 1416 4064 abreptus,

283 4073 444 4142 postquam
464 4066 646 4130 demortuis
667 4073 753 4151 loqui
773 4075 902 4152 incepit,
923 4075 1017 4152 priori
1038 4073 1171 4132 membro
1192 4092 1304 4132 noram
1325 4072 1400 4131 de''
1380 4094 1417 4131 us

286 4148 500 4226 cogitationem
523 4152 617 4211 infert
624 4175 732 4234 ,quae
750 4166 785 4215 ut
808 4178 846 4216 ex
863 4158 1065 4217 antecedente
1081 4158 1174 4216 facile
1189 4159 1275 4217 nasci
1289 4166 1417 4236 poterat,

284 4235 328 4292 ita
340 4233 378 4293 ab
393 4233 450 4292 boc
466 4235 533 4293 loco
550 4201 717 4298 alieriat
671 4248 717 4298 est
724 4239 850 4320 ,deque
866 4243 967 4301 inutili
982 4243 1175 4319 aegritudine
1189 4263 1291 4303 eorum
1306 4251 1417 4317 monet,

285 4319 338 4399 qui
357 4319 422 4377 vivi
443 4320 637 4397 effugissent,
667 4343 793 4402 quorum
816 4329 1058 4387 commemoratio
1075 4330 1196 4408 proprie
1215 4329 1254 4389 ad
1268 4329 1418 4409 posterius

284 4403 449 4472 membrum
463 4405 606 4485 pertinet
