3254 5304
295 375 355 437 160
503 379 750 433 Coniectaneorum
764 381 792 433 in
810 387 906 452 poetes
921 400 1037 450 graecos
1055 385 1144 456 cupita
1156 384 1220 436 duo.

420 533 461 618 μή
474 536 648 640 γιγνώσκων
662 545 752 619 νοῦν,
773 537 840 603 οίον
859 541 980 619 ἕκαστος
997 546 1028 626 έχ
1029 569 1054 607 ει

377 621 476 700 Αὐτὸς
497 625 541 687 ένλ
559 621 716 704 στήθεσσι,
732 626 782 688 καί
803 627 932 708 ἔργματα
950 633 1003 692 τοῦ
1021 654 1050 692 τε
1070 631 1188 691 δικαίου

419 716 501 775 τοῦτ
505 701 650 788 ’ἆτλίκου,
666 711 741 792 μέγα
756 735 808 774 κεν
824 717 909 792 πῆμα
925 714 1107 795 βροτοῖοινέ
1107 717 1176 794 πήν

293 815 382 892 Quae
404 817 530 874 mutatio
553 824 584 874 et
606 814 749 876 audacior
771 826 832 892 est,
853 838 954 898 neque
977 839 1100 878 sensum
1121 829 1225 898 aptum
1243 821 1380 900 praebet,
1398 832 1429 880 et

293 909 399 959 contra
421 901 648 978 rhythmum,te
674 903 902 980 grammaticam
925 913 1044 983 peccat.
1078 905 1316 964 Hermannusl.
1339 906 1360 966 l.
1384 907 1429 965 its.

294 987 433 1063 corrigit:

376 1077 472 1166 Κύρν’
490 1080 572 1146 εἶ’
529 1107 607 1146 παντ
612 1075 772 1189 ἀνδρεσσι
790 1077 881 1160 θεος
897 1093 1023 1166 θνητοῖς
1038 1086 1289 1168 χαλέπαινεν,

418 1165 591 1269 γιγνώσκων
615 1159 654 1232 εὖ
669 1174 793 1250 colim
776 1165 843 1232 οἷον
859 1171 980 1246 ἕκαστος
995 1173 1053 1273 ἔχει

376 1247 508 1327 Ἐντὸς
527 1253 571 1316 ένλ
585 1250 740 1334 στήθεσσι,
756 1279 806 1316 και
798 1254 956 1338 ἔργματα
970 1260 1042 1319 τῶν
1056 1280 1086 1318 τε
1102 1258 1259 1320 δικαίων

418 1341 490 1400 τῶν
513 1363 529 1400 τ
532 1333 720 1419 ἀὂίκων,
739 1339 813 1420 μέγα
827 1364 879 1402 κεν
892 1344 978 1421 πῆμα
992 1344 1143 1424 βροτοισιν
1159 1341 1244 1420 ἐπῆν.

291 1443 433 1525 „Wenn
436 1443 510 1504 Gott
523 1445 583 1504 den
598 1447 768 1506 Menschen
781 1444 858 1504 iiber
873 1446 951 1506 alles
966 1455 1083 1507 ziimen
1097 1447 1183 1508 wollt
1171 1455 1218 1522 t,e
1234 1447 1288 1508 der
1301 1449 1351 1508 die
1364 1449 1424 1510 Ge·

290 1530 434 1605 sinnuug,
453 1531 570 1590 welche
588 1531 709 1610 jeder'
700 1553 733 1591 m
753 1531 854 1589 seiner
868 1531 960 1590 Brust
975 1533 1043 1606 hat,
1065 1531 1130 1591 und
1151 1531 1200 1592 die
1215 1533 1425 1612 Handlungen

292 1613 346 1672 der
368 1613 544 1675 Gerechten
564 1616 628 1674 und
645 1615 865 1694 Ungerechten
883 1617 998 1693 kennt,
1021 1639 1054 1677 so
1068 1616 1171 1677 wiirde
1189 1638 1221 1677 es
1241 1620 1289 1678 ein
1305 1640 1425 1698 grosses

291 1699 437 1775 Ungliiek
452 1701 501 1758 fur
517 1701 751 1760 dieMenschen
766 1702 862 1760 sein.“
893 1701 982 1780 Quae
994 1704 1178 1762 mutationes
1194 1705 1424 1804 quumetmul·

290 1792 341 1841 tae
357 1785 418 1842 sint
432 1805 534 1864 neque
557 1807 660 1846 omnes
675 1786 799 1861 faciles,
822 1784 989 1846 videndum
1010 1809 1050 1847 an
1065 1789 1183 1847 leniore
1199 1790 1250 1848 via
1272 1789 1357 1848 locus
1376 1810 1423 1848 sa·

289 1869 357 1926 nari
373 1877 474 1948 queat.
492 1871 629 1950 Vulgata
641 1881 743 1931 autem
754 1891 877 1934 sensum
877 1873 1015 1972 praebet
1029 1883 1082 1970 opt
1084 1874 1174 1932 imum
1194 1883 1225 1932 et
1239 1875 1339 1933 omnio
1354 1883 1425 1952 apte

288 1952 467 2030 procedunt,
485 1956 512 2014 si
524 1977 580 2035 pro
594 1957 746 2035 particula
760 1976 811 2014 κεν
825 1958 984 2036 scripseris
995 1946 1041 2034 κή
1049 1980 1074 2016 ν.
1096 1946 1172 2040 Ἐπή
1190 1959 1270 2018 enim
1283 1959 1425 2019 librorum

290 2038 384 2097 lectio
399 2047 522 2118 praeter
538 2041 604 2101 eod.
618 2042 658 2116 A,
682 2063 735 2122 qur
726 2037 826 2118 έπήν
844 2041 947 2104 habet.

374 2131 431 2216 Μή
449 2133 526 2200 ποίντ
528 2130 694 2242 ’ἆνδρρίσι,
711 2135 826 2222 Κυρνε,
842 2147 1043 2220 καταθνητοῖς
1057 2145 1263 2222 χαλεπαίνειν,

412 2219 607 2327 γιγνώσκων,
623 2217 663 2299 ὦς
676 2227 750 2286 νοῦν
765 2220 831 2286 οίον
847 2225 966 2300 ἕκαστος
983 2226 1014 2308 tq
1015 2249 1040 2287 ει

374 2315 471 2382 Αυτος
487 2307 531 2370 ivl
529 2306 704 2411 στήθεσσι,
724 2308 774 2370 καί
761 2309 938 2409 ἔργματα,
952 2334 993 2371 τω
1010 2334 1040 2372 τε
1057 2311 1162 2396 δικαίῳ

418 2417 459 2455 τω
475 2417 491 2453 τ
493 2385 629 2480 'uilem
646 2385 775 2475 μέγα
736 2417 794 2472 κην
807 2397 892 2474 πῆμα
909 2373 1088 2475 βροτοῖσινέ
1087 2399 1137 2479 πή.

290 2457 503 2577 Supplentlum
517 2499 639 2558 τοιαῦτα
658 2495 709 2558 καλ
734 2496 912 2577 ἔργματα,
916 2501 1005 2573 ,Noli
1018 2521 1213 2576 succensere,
1232 2501 1350 2580 Oyrne,
1369 2503 1423 2561 ho-

288 2582 419 2642 minibus
439 2585 650 2660 terrestribus,
673 2585 768 2664 probe
797 2585 990 2663 intelligens,
1015 2586 1138 2666 qualem
1159 2589 1369 2667 unusquisque
1391 2589 1423 2647 in

288 2677 413 2746 pectore
434 2671 501 2747 ipse
516 2690 571 2730 suo
591 2679 724 2730 mentem
738 2679 841 2746 gerat,
864 2671 939 2728 talia
956 2673 1049 2730 etiem
1066 2691 1134 2730 esse
1151 2673 1234 2731 faeta
1250 2681 1281 2731 et
1293 2673 1422 2731 hominis

288 2754 360 2812 iusti
376 2762 406 2811 et
422 2754 534 2826 iniusti,
555 2755 674 2814 etiamsi
688 2755 800 2812 malurn
816 2774 959 2832 magnum
974 2755 1150 2816 mortalibus
1168 2755 1240 2816 inde
1258 2759 1421 2834 contingat,

288 2837 318 2895 h.
341 2857 384 2895 e.:
418 2837 491 2897 Noli
514 2858 710 2911 succensere,
732 2838 813 2917 quod
830 2839 968 2898 homines
987 2861 1081 2920 saepe
1097 2841 1286 2901 calamitates
1308 2850 1421 2916 creent,

288 2921 372 2978 facta
393 2922 474 2980 enim
492 2923 621 2982 hominis
645 2931 675 2982 et
698 2923 769 2983 iusti
790 2931 820 2984 et
839 2925 943 2983 iniusti
963 2926 1001 2984 ab
1019 2927 1142 3004 ingenio
1162 2936 1193 2986 et
1210 2927 1302 2994 animi
1317 2926 1421 2986 indole

288 3005 440 3083 pendent,
457 3026 518 3086 qua
535 3015 646 3068 natura
659 3028 728 3068 eum
742 3009 916 3069 instruxit.“

838 3179 867 3238 5.

354 3308 573 3374 Simonidisfr.
591 3311 675 3372 LIV.
697 3311 745 3372 ed.
763 3311 980 3374 Schneidewin
997 3313 1122 3393 (delect.
1139 3315 1248 3391 IX,68
1213 3315 1277 3395 68)

415 3399 575 3472 Μέσσοιὸ’
593 3411 651 3470 οἴτ
656 3402 811 3492 ’Ἐφύρην
827 3411 1014 3472 πολυπίδακα
1033 3408 1235 3491 ναιετάοντες,

409 3541 411 3544 -
451 3485 628 3572 παντοίης’
613 3497 718 3574 αρετῆς
739 3495 831 3578 ἴδριες
852 3493 884 3556 έν
901 3496 1028 3597 πολέμω,

415 3582 459 3642 Οί
468 3603 499 3642 τε
515 3575 602 3640 πόλιν
616 3576 765 3642 Γλαυκοιο
772 3581 963 3661 ,Κορίνθιον
976 3573 1099 3660 αστν,ν
1080 3580 1233 3661 νέμοντες,

453 3665 515 3726 *ολ
528 3661 684 3726 κάλλιστον
698 3687 812 3744 μαρτυν
829 3662 988 3726 ἔθεντο’
949 3689 1050 3727 πονων

415 3751 536 3850 Χροσοῦ
550 3744 705 3851 τιμήεντος
719 3749 750 3811 ἐν
771 3749 826 3810 αίθ
802 3749 887 3852 θέρι·
910 3751 963 3811 καί
976 3769 1047 3829 σφιν
1061 3739 1153 3823 ἆέξει·

452 3826 551 3896 αὖτων
566 3826 592 3896 τ’
608 3825 726 3937 εὐρεῖαν
740 3831 872 3930 κληδόνα
886 3859 938 3896 και
929 3833 1101 3913 πατέρων

414 3915 600 3985 Ξεινοιλοκων
616 3911 643 3978 δ
662 3910 813 4000 ὦριστοςο
839 3911 944 4002 χρυσὸς
960 3917 992 3979 έν
1007 3918 1107 4000 αἰθέρι
1123 3911 1251 3996 λάμπων.

287 4022 416 4081 Ursinus
439 4021 470 4078 οἳ
491 4019 542 4078 καί
562 4013 732 4096 κάλλιστον,
756 4022 920 4083 Turnebus
941 4021 972 4079 οἳ
994 4021 1055 4080 τῶν
1076 4018 1237 4080 καλλίστων
1258 4015 1418 4089 dederunt,

286 4105 457 4163 lacunam'
449 4113 557 4182 lmport
558 4126 618 4165 une
646 4107 819 4184 explentes.
857 4106 1140 4167 Schneidewinns'
1132 4127 1164 4163 1n
1184 4103 1268 4164 Edit.
1293 4101 1364 4161 Mai
1388 4062 1419 4159 ολ

286 4189 364 4247 illud
387 4189 424 4248 ab
448 4189 579 4247 librariis
596 4198 718 4268 praeter
739 4190 831 4250 fidem
853 4192 1017 4291 repetitum
1038 4201 1135 4267 ratus,
1160 4189 1284 4249 oeulis
1276 4210 1309 4247 m
1329 4206 1418 4286 pree-

286 4294 391 4378 gresso
414 4273 557 4334 hexamet
545 4282 590 4334 tro
614 4273 741 4348 defixis,
767 4277 902 4353 scripsit:
876 4269 1078 4334 εκιίκλον
1105 4273 1284 4348 καλλίστων,
1306 4265 1420 4350 μάρτυν
1446 4283 1447 4286 ’

287 4355 392 4417 εθεντο
407 4351 508 4417 πόνων
523 4357 631 4436 χρυσοῦ
648 4351 802 4434 τιμήεντος
818 4381 885 4441 sqq.
919 4359 1046 4420 Solem
1062 4381 1173 4420 vocare
1190 4360 1335 4420 callidum
1346 4377 1418 4437 poe-

285 4452 361 4519 tam,
377 4453 410 4504 ut
426 4451 598 4504 occurreret
612 4443 834 4524 suspicionibus
851 4465 962 4520 eorum,
981 4446 1034 4523 qui
1049 4445 1147 4526 ipsum
1161 4444 1263 4526 χρυσῷ
1278 4443 1421 4501 —cuius
