3254 5304
540 408 582 462 De
600 409 786 478 interregibus
807 407 946 462 Romanis.
1260 410 1316 470 181

186 585 217 636 et
232 575 340 636 Livius
356 584 387 634 et
401 577 455 634 alii
466 595 566 635 rerum
583 575 744 654 scriptores
760 576 862 636 locis
853 579 1017 637 innumeris
1035 580 1184 653 fecerunt,
1164 587 1235 638 tut
1251 601 1318 640 con·

186 663 281 720 fusat
269 669 435 740 temporum
455 661 573 720 ratione
594 660 677 739 quod
692 680 766 720 suae
789 669 859 720 aeta
841 663 899 721 atis
860 661 1036 721 tvideret
1051 663 1159 744 adt
1108 673 1159 724 ant
1161 665 1225 744 iqui
1226 673 1320 724 tatem

184 747 371 806 transferret.
410 745 603 824 Quapropter
616 753 825 823 argumentum
840 747 922 826 quod
939 767 977 806 ex
993 747 1055 807 illis
1068 749 1168 808 verbis
1184 749 1320 828 depromi

181 851 271 911 posse
290 829 468 904 videbatur,
489 830 582 907 plane
611 829 650 888 ed
680 831 808 889 nihilum
827 829 947 890 recidit.
986 832 1037 890 Ex
1059 853 1183 892 numero
1208 844 1336 908 autem,·

185 915 268 995 quod
284 913 459 974 decemt
405 915 446 972 mi
447 922 528 972 tttun
529 934 572 986 ur,
588 914 653 973 noli
664 914 830 994 quidquam
845 917 1000 994 colligere.
1022 917 1102 976 Nam
1114 915 1221 976 decem
1234 920 1318 996 lega-

183 1010 230 1060 tos
252 1001 331 1058 mitti
355 999 436 1058 omni
458 1007 594 1076 tempore
618 999 699 1078 apud
719 1001 874 1061 Romanos
895 1001 961 1060 fere
983 1001 1108 1060 solenne
1131 1003 1202 1076 fuit,
1227 1005 1318 1062 etiam

183 1091 314 1165 postero,
331 1103 390 1162 quo
406 1082 514 1142 decem
528 1085 641 1162 primos
659 1085 691 1142 in
708 1093 817 1144 senatu
834 1105 894 1145 non
909 1085 1003 1145 fuisse
1020 1094 1147 1146 constat.
1178 1085 1240 1164 Qui
1254 1108 1318 1146 mos·

182 1190 244 1229 non
262 1187 381 1248 semper
405 1176 542 1228 servatus
562 1178 608 1228 est
615 1179 735 1249 ,atque
752 1189 791 1228 ex
805 1171 872 1247 ipso
895 1178 1003 1229 senatu
1020 1171 1110 1228 etiam
1126 1171 1218 1229 alium
1234 1172 1318 1270 lega-

182 1263 279 1316 torum
289 1272 446 1312 numerum
461 1254 584 1312 missum
599 1255 743 1332 legimus3
765 1262 799 1313 ut
813 1254 914 1313 hoct
881 1262 914 1312 ut
916 1274 958 1326 ar,
972 1253 1010 1313 ad
1024 1253 1218 1314 Coriolanum
1230 1257 1317 1335 quin-

183 1360 243 1420 que
264 1346 420 1398 senatores
440 1334 639 1415 mittuntur)
672 1339 817 1417 Denique
840 1359 941 1419 neque
956 1339 1016 1398 hoc
1042 1339 1144 1398 silent
1122 1349 1165 1398 tro
1181 1349 1317 1436 praeter-

182 1422 362 1482 mittendum
383 1421 583 1482 Niebuhrium
606 1420 649 1501 (p.
666 1430 718 1486 576
732 1431 796 1482 not.
812 1421 895 1500 1345)
906 1425 1048 1504 Dionysii
1062 1424 1156 1482 verba
1170 1445 1239 1494 τους
1254 1420 1317 1482 ἐπι-

182 1500 382 1583 φανεσιάιοιις
403 1504 475 1564 τῶν
501 1503 769 1586 πρεσβυτέρων
794 1506 832 1566 de
852 1507 990 1587 patribus
1017 1509 1163 1567 maiorum
1181 1511 1318 1586 gentium
1398 1515 1406 1530 '

182 1593 366 1670 intelligere.
397 1589 497 1667 Quam
512 1613 619 1652 vocem
638 1592 699 1661 alio
720 1613 811 1652 sensu
826 1611 917 1670 quam
934 1593 1017 1651 iniis
1033 1613 1112 1672 quae
1131 1601 1184 1652 ant
1172 1593 1318 1653 ttecedun

181 1677 315 1755 intelligi
329 1696 434 1756 parurn
448 1677 607 1756 probabile
626 1685 682 1736 est.
714 1677 879 1736 Iamvero
870 1697 936 1756 ipse
952 1677 1100 1746 Niebuhr.
1123 1699 1153 1757 p.
1170 1686 1220 1741 675
1240 1679 1316 1737 Dio-

180 1763 316 1840 nysium,
338 1761 391 1820 ubi
410 1761 514 1839 patres
537 1763 669 1822 iuniores
691 1770 722 1821 et
736 1763 872 1822 seniores
888 1761 971 1841 apud
986 1763 1316 1842 annaliumscriptores

181 1847 407 1908 commemorari
423 1845 552 1920 videret,
569 1845 607 1906 de
620 1854 722 1906 aetate
734 1848 966 1926 interpretatum
982 1867 1064 1922 esse,
1081 1856 1219 1908 auctores
1236 1849 1316 1926 ipsos

182 1931 220 1990 do
235 1931 387 2010 patribus,
409 1950 533 2009 quorum
551 1931 674 1990 comitia
690 1933 806 1991 curiata
822 1941 938 2006 essent,
956 1940 987 1990 et
1001 1941 1110 1992 senatu
1125 1933 1316 1993 intellexisse

181 2016 339 2094 praeclare
355 2015 580 2074 demonstravit.

241 2099 331 2158 Alter
351 2099 450 2169 locus,
471 2098 511 2157 ad
526 2119 616 2179 quern
629 2099 777 2160 Niebuhr
797 2107 956 2177 provocat,
981 2107 1015 2157 ut
1037 2097 1142 2158 decem
1158 2101 1269 2176 primos
1285 2102 1317 2158 in

135 2233 137 2238 .
181 2192 291 2244 senatu
305 2185 442 2242 Romano
459 2184 554 2242 fuisse
570 2182 691 2263 probet,
707 2182 790 2262 apud
804 2183 961 2242 Valcrrum
975 2183 1178 2242 Maximuml
1186 2186 1315 2262 ,llegi-

181 2277 238 2327 tur.
274 2267 369 2327 (iuius
396 2267 490 2327 verba
511 2268 589 2326 haec
611 2275 699 2327 suut:
726 2268 885 2343 „Tantum
906 2275 1041 2327 autems
1043 2267 1159 2326 utdium
1183 2289 1222 2326 an
1223 2270 1315 2348 tiquis

181 2373 243 2412 non
256 2353 353 2412 solum
365 2351 534 2411 servandae
549 2351 650 2412 sedt
619 2361 650 2412 et
651 2353 711 2410 iam
724 2350 959 2452 amplificandae
970 2341 1129 2430 religionis
1141 2354 1198 2412 fuit
1186 2362 1253 2427 t,ut
1263 2355 1315 2413 tlo-

180 2438 452 2497 rentissimatume
454 2437 704 2516 topulentrsslma
713 2438 837 2497 civitate
854 2436 984 2496 decem
999 2438 1215 2518 principum
1233 2439 1317 2497 filii

183 2523 214 2583 S.
233 2521 267 2582 O.
285 2521 470 2599 singulist
429 2522 572 2580 Etruriae
587 2522 707 2602 populis
725 2521 944 2601 percipiendae
963 2541 1116 2580 sacrorum
1135 2521 1316 2599 disciplinae

181 2607 279 2684 gratia
300 2604 501 2667 traderentur.
510 2607 527 2636 “
560 2606 707 2666 Niebuhr.
729 2607 807 2666 nihil
823 2606 908 2666 aliud
928 2625 1019 2686 quam
1037 2606 1195 2667 Valerium
1209 2607 1315 2686 lauda-

181 2693 236 2751 vit.
268 2692 410 2750 Iamvero
425 2691 568 2750 Valerius
590 2691 691 2750 hausit
712 2711 751 2751 ex
768 2691 934 2764 Cicerone,
960 2691 1044 2750 cuius
1067 2689 1105 2749 de
1121 2691 1227 2750 Divin.
1241 2692 1267 2766 Ι,
1289 2713 1314 2750 c.

179 2784 212 2837 41
235 2776 311 2836 haec
336 2775 432 2834 verba
451 2784 538 2836 sunt:
561 2777 712 2850 „Etruria
732 2785 833 2836 antem
854 2776 893 2836 de
916 2775 1000 2835 coelo
1015 2783 1098 2834 tacta
1113 2777 1315 2836 scientissime

180 2861 410 2920 anImaduertit:
434 2861 603 2940 eademque
625 2862 855 2939 interpretatur,
882 2859 956 2940 quid
979 2859 1150 2940 quibusque
1174 2860 1314 2920 ostenda-

150 3015 154 3022 ,
180 2954 227 3004 tur
241 2946 382 3004 monstris
401 2953 493 3024 atque
507 2947 664 3023 portentis.
698 2945 849 3046 Quocirca
867 2946 947 3006 bene
963 2944 1044 3024 apud
1055 2947 1185 3005 maiores
1199 2954 1316 3004 nostros

181 3037 303 3128 senatus
320 3037 384 3088 tum
399 3049 490 3108 quum
502 3031 652 3089 florebat
644 3033 801 3110 rmperium
816 3031 967 3102 decrevit,
984 3038 1019 3089 ιιι
1034 3029 1078 3089 de
1093 3031 1315 3108 principum

180 3217 283 3255 neers
306 3205 393 3255 tanta
413 3208 536 3274 propter
556 3200 736 3258 tenuitatem
754 3187 907 3257 hominum
922 3219 941 3257 a
955 3199 1113 3276 religionis
1134 3201 1315 3259 auctoritate

181 3280 383 3340 abduceretur
398 3281 437 3339 ad
455 3281 626 3341 mercedem
641 3291 733 3362 atque
749 3291 916 3363 quaestmn.
920 3285 937 3315 “
965 3286 1015 3342 De
1029 3283 1096 3342 loco
1110 3284 1169 3342 boc
1184 3284 1315 3363 permul-

179 3373 229 3424 tae
241 3373 315 3425 sunt
328 3367 459 3424 virorum
473 3368 643 3425 criticorum
653 3368 887 3442 lrariolationes3
907 3387 977 3426 nam
994 3375 1164 3445 corruptum
1180 3387 1246 3427 esse
1262 3387 1315 3447 pa-

180 3458 238 3524 tet,
266 3450 359 3510 etita
383 3451 609 3528 corrigendum,
632 3459 664 3509 ut
687 3471 830 3510 numerus
852 3453 905 3532 qui
928 3450 1009 3528 apud
1024 3452 1181 3511 Valerium
1203 3453 1316 3528 legitur

180 3536 281 3606 textui
296 3536 460 3610 inferatur,
475 3535 635 3613 probabile
651 3544 705 3595 est.
739 3535 803 3596 Sed
819 3544 943 3594 caetera
957 3537 1022 3594 fere
1036 3536 1162 3594 incerta.
1191 3536 1234 3594 Et
1247 3536 1314 3614 plu-

179 3619 387 3700 rimi-'quidem
401 3622 583 3699 interpretes
600 3639 666 3678 cum
681 3621 802 3680 Mosero
819 3628 850 3679 et
868 3619 986 3681 Orellio
1003 3621 1035 3678 in
1051 3639 1118 3678 eam
1133 3620 1316 3679 sententiam

179 3705 301 3779 abeunt,
317 3713 348 3763 ut
361 3704 475 3766 non-de
489 3707 693 3766 Romanorum
708 3704 762 3765 sed
774 3706 970 3764 Etruscorum
982 3705 1152 3783 principum
1167 3704 1238 3762 filiis
1253 3724 1314 3764 ser-

179 3811 297 3850 monem
313 3810 380 3849 esse
396 3791 579 3849 existiment.
594 3786 598 3795 ’
613 3788 705 3866 Quod
720 3790 785 3849 sive
801 3810 908 3849 verum
922 3791 987 3849 sive
1003 3790 1113 3848 falsum
1133 3798 1191 3862 est,
1208 3788 1315 3848 decem
1351 3863 1355 3870 ἡ

180 3874 217 3933 ob
235 3875 352 3934 nullam
374 3875 465 3937 aliam
487 3894 624 3934 caussam
639 3875 789 3933 nominari
804 3875 960 3946 videntur,
983 3893 1074 3952 qnam
1089 3873 1171 3954 quod
1187 3893 1223 3933 eo
1238 3883 1312 3934 tem-

179 3978 271 4036 pore,
300 3980 359 4040 quo
374 3959 671 4020 senatusconsultum
692 3959 881 4034 factumest,
906 3959 1017 4019 deletis
1038 3960 1098 4016 iam
1115 3959 1263 4018 Vulsiniis
1285 3968 1316 4019 et

180 4041 266 4102 Veiis
289 4044 395 4104 decem
420 4046 617 4105 Etruseorum
643 4045 785 4104 civitates
808 4053 904 4104 crant.
941 4043 1005 4105 cfr.
1023 4063 1102 4124 quae
1118 4043 1199 4123 apud
1213 4046 1332 4120 Mose-¹

179 4145 244 4183 rum
261 4136 292 4186 ιι
313 4129 462 4190 Orellium
485 4129 640 4209 disputata
664 4130 814 4190 invenies.
849 4129 1012 4190 Niebuhrii
1028 4137 1110 4188 certe
1129 4131 1282 4189 sententia
1296 4150 1315 4187 a

252 4341 278 4404 l)
295 4341 410 4405 Dionys.
429 4345 506 4407 VIII,
525 4349 567 4397 22.
590 4343 777 4407 συνελθόντες
796 4339 885 4430 sic,
854 4363 907 4412 την
924 4345 1044 4430 βουλὴν
1050 4363 1076 4397 οι
1070 4342 1240 4426 πατρίκιοι
1257 4352 1314 4407 ψη-

184 4405 313 4488 φίζονται
331 4381 506 4488 πρεσβευτὰς
519 4409 590 4477 πρὸς
604 4411 662 4472 τὸν
672 4413 808 4484 Μάρκιον
825 4409 1107 4468 &corrationalem
1126 4405 1314 4480 ἅνδριιςκ
1277 4403 1314 4461 ἔκ

184 4475 254 4528 τοῖν
274 4472 532 4550 πρεσβυτάτων.
