3254 5304
291 381 350 444 124
452 384 699 458 Coniectaneorum
720 382 748 434 iu
776 381 902 450 Aeschyli
920 381 1066 450 Supplices
1083 399 1148 451 pars
1165 379 1203 432 alt
1192 387 1262 433 t.era

287 554 419 614 dissimis
436 552 553 627 verbis,
571 559 635 611 tum
651 570 730 630 quaa
745 547 949 627 praecedunt,
969 555 1033 607 tum
1049 569 1128 628 quae
1147 555 1330 627 sequuntur.
1356 541 1423 608 Πα-

287 626 411 717 ρεστιδ’
440 625 566 737 ἔργον
548 658 586 706 ως
601 633 895 705 incessendos?
916 633 1050 692 Leniore
1065 633 1187 694 medela
1202 633 1286 692 locus
1301 633 1423 694 videtur

285 746 376 805 posse
392 723 522 785 restitui.
550 722 592 780 ut
609 721 668 778 diro
684 721 774 833 primp
764 717 912 798 quidem
926 737 1031 779 versus

495 810 562 880 ‘Tru'
580 809 714 900 ιἰρχᾶςδ’
731 809 849 891 οὔτινος
863 815 1000 892 θοάζων,

495 895 536 964 Td
550 909 634 983 μεῖον
648 897 827 981 κρεισσόνων
841 897 989 983 κρατύνει·

286 1009 402 1069 nullam
414 1007 507 1087 plane
521 1006 638 1067 habent
653 1007 865 1079 offensionem
881 995 914 1065 τὸ
930 1009 1017 1083 μεῖον
1029 994 1208 1083 κρεισσόνων
1224 1006 1304 1065 enim
1303 1026 1421 1106 ικρα-

284 1088 366 1155 τύνιι
380 1093 511 1173 pendet,
526 1101 560 1152 ut
573 1113 604 1152 v.
619 1101 672 1156 680
685 1085 773 1151 πόλιν
786 1084 950 1169 κρατύνεις.
983 1091 1055 1151 Non
1071 1090 1213 1190 Iupiter’
1204 1091 1363 1168 rmperium
1378 1093 1422 1150 in-

286 1182 381 1240 ferius
403 1177 623 1256 potentioribus
640 1187 776 1238 exercet.
814 1178 963 1256 Sequenti
983 1197 1074 1237 versu
1095 1167 1135 1233 ori
1145 1194 1226 1245 τινος
1242 1196 1281 1235 ex
1298 1184 1422 1238 antece·

285 1265 369 1325 denti
384 1283 421 1325 ον
440 1283 521 1334 τινος
533 1263 665 1322 malem
677 1263 762 1323 libus
778 1264 951 1343 repetitum.
981 1260 1183 1321 Scribendum
1198 1259 1334 1320 videtur·
1424 1291 1430 1304 ·

494 1362 607 1436 Τίνος
630 1351 658 1420 δ’
682 1354 802 1424 ανοιθεν
819 1354 931 1442 ἡμένου
949 1359 1027 1440 σέβει
1044 1383 1177 1442 κρατη;

284 1467 378 1528 Cuius
395 1468 475 1526 enim
490 1467 581 1526 altius
597 1466 733 1526 sedentis
749 1467 876 1544 imperia
897 1465 950 1525 ille
965 1465 1131 1526 vereatur?
1166 1464 1237 1542 Qua
1252 1466 1370 1526 ratione
1389 1468 1420 1526 in

282 1573 370 1614 versu
383 1552 602 1632 antistrophico
618 1551 697 1611 duae
713 1552 854 1630 syllabae
872 1551 1053 1611 exciderunt
1068 1552 1199 1611 fortasse
1214 1550 1295 1610 hunc
1310 1552 1341 1610 iu
1356 1573 1418 1611 mo-

282 1639 354 1698 dum
370 1636 558 1718 explendae.
631 1649 634 1654 '

489 1726 596 1836 Πατὴρ
612 1737 780 1834 φντοῦργος
797 1724 935 1816 αὐτόχειρ
956 1725 1032 1808 αναξ
1045 1731 1150 1816 γένονς

491 1814 617 1882 Halos
637 1815 833 1921 παλαιόφρων
847 1818 936 1921 μέγας

492 1897 676 1988 Τέκνον,
645 1927 678 1966 το
692 1906 754 1966 πᾶν
768 1906 866 1984 μῆχαρ
883 1897 983 1982 οὔριος
998 1897 1082 1977 Ζευς.

280 2011 425 2090 Denique
444 2011 605 2090 postremis
628 2009 767 2068 versibus
789 2007 1037 2108 splendidissima
1057 2009 1212 2069 sententia
1233 2009 1343 2069 misere
1365 2009 1417 2068 de-

280 2103 426 2174 pravatur
443 2094 514 2154 Hea
516 2094 573 2154 thii
594 2095 780 2154 correctione
802 2087 938 2194 duplice,
959 2113 1049 2173 quam
1069 2095 1212 2152 miramur
1228 2094 1319 2154 etiam
1338 2095 1416 2155 Her-

280 2201 422 2241 mannum
439 2180 605 2260 recepisse.
641 2178 784 2240 Accentu
799 2181 879 2239 euim
893 2185 1008 2238 mutato
1026 2177 1235 2238 scribendum:

487 2269 662 2356 Παρεστιδ’
682 2269 805 2360 έργον’
785 2302 824 2350 tog
839 2276 920 2351 ἔπος
1141 2335 1144 2340 Δ

488 2365 631 2424 Σπεῠσαι.
663 2366 703 2425 Τί
724 2385 797 2423 των
817 2357 934 2436 δούλιος
954 2360 1037 2443 φέρει
1052 2354 1150 2441 φρήν;

279 2467 363 2525 Ιοιὶι
386 2474 446 2542 est,
470 2467 585 2526 factum
606 2467 752 2526 simulac
775 2465 890 2525 dictum
909 2486 1082 2545 properare.
1109 2467 1226 2527 Horum
1244 2466 1318 2547 quid
1331 2487 1417 2525 mens

280 2552 409 2628 servilis,
424 2564 503 2632 quae
521 2561 709 2613 caeterorum
723 2552 854 2611 omnium
866 2560 990 2632 praeter
1004 2554 1111 2612 Iovem
1127 2560 1182 2625 est,
1198 2551 1318 2611 vincit?
1334 2551 1416 2630 Quo-

278 2659 345 2697 rum
364 2639 612 2697 commentarium
629 2638 774 2717 optimum
794 2636 919 2696 exhibet
933 2637 1109 2697 Promethei
1124 2657 1230 2697 versus
1248 2648 1291 2700 50.

481 2729 657 2816 Ἐλεύθερος
675 2726 732 2816 γαρ
750 2727 831 2808 orirer
847 2732 907 2795 ἐστὶ
923 2727 1001 2814 πλὴν
1019 2731 1102 2811 Διός.
1147 2765 1149 2772 ,

277 2840 327 2898 De
351 2833 453 2916 φέρειν
475 2837 528 2897 cfr.
550 2839 667 2916 Reisig.
691 2840 801 2899 Enarr.
825 2838 903 2901 Oad.
930 2838 965 2900 O.
981 2849 1044 2903 v.6
1066 2849 1097 2900 et
1117 2839 1252 2900 Meinek.
1267 2838 1415 2900 Meuand.

276 2944 306 3002 p.
326 2932 386 2986 126.

339 3026 393 3086 Vs
408 3034 460 3089 653
476 3043 542 3104 sqq.

442 3123 502 3185 Καὶ
529 3127 680 3206 γεραροῖσι
695 3120 929 3206 πρισβνιοόόκοι
947 3119 1099 3207 γεμόντων
1122 3123 1268 3224 θυμέλαι,
1289 3120 1413 3205 φλεγόν-

485 3285 542 3367 Ως
559 3287 645 3366 πολις
660 3315 694 3354 εν
680 3276 841 3372 νέμοιτο·
1015 3233 1075 3272 ww
1096 3200 1143 3286 θ

486 3376 620 3478 Ζῆναέ
584 3403 605 3456 μ
620 3401 677 3458 γαν
691 3375 855 3482 σεβόντων,

484 3454 544 3522 Τὸν
558 3453 700 3537 ξένιονδ
719 3457 899 3540 ὑπέρτατον,

403 3583 405 3588 -
477 3539 534 3620 Ὃς
549 3549 646 3634 πολιῷ
661 3543 744 3635 νόμω
762 3547 851 3614 αἶσαν
866 3541 963 3630 ὀρθοῖ.

275 3649 487 3710 Wellauerum
509 3654 668 3731 vulgatam
687 3654 868 3732 scripturam
891 3649 1060 3712 tuentem'
1049 3673 1225 3730 q„magnum
1239 3652 1344 3710 Iovem
1359 3672 1412 3711 ve-

274 3743 420 3794 nerentur
427 3735 638 3815 ,hospitalem
659 3747 760 3799 autem
780 3735 947 3830 maxime“)
964 3737 1042 3796 nihil
1057 3757 1148 3816 agere
1164 3737 1257 3796 facile
1274 3745 1412 3818 apparet.

275 3816 400 3878 (lauteri
416 3822 568 3882 emendat
546 3831 659 3883 tionem

482 3912 542 3980 Τὸν
557 3919 652 3996 ξένιον
668 3911 797 3981 At‘t
738 3944 782 3982 απ
783 3919 905 3998 έρτατον

274 4023 479 4080 necessariam
501 4022 617 4084 iudicat
639 4023 761 4083 Ahrens
790 4023 829 4083 do
853 4024 968 4084 caussis
995 4021 1146 4166 Aeschyli
1170 4024 1305 4084 nondum
1336 4025 1413 4084 satis

275 4104 471 4184 emendatip.
488 4115 536 4182 28,
560 4128 700 4202 monens,
725 4128 792 4166 cum
814 4107 886 4168 libri
906 4107 1046 4168 meliores
1065 4103 1139 4186 μέγα
1159 4101 1307 4186 σεβονιοιν
1321 4129 1410 4189 prae·

273 4188 375 4262 beant,
396 4190 524 4250 fortasse
528 4152 604 4269 μέγ’
621 4211 654 4250 εν
669 4200 757 4250 restit
720 4192 891 4252 t‘tuendum
908 4213 985 4252 esse.
1014 4191 1081 4252 Hoc
1097 4193 1336 4293 quidemrecte·
1329 4213 1410 4272 ,pa-

272 4275 439 4334 rumonim
459 4276 625 4336 verisimile
650 4285 697 4336 est
714 4277 835 4350 lovem,
857 4278 909 4358 qui
931 4277 1055 4338 fortiore
1080 4267 1261 4338 vocabulo‘
1246 4274 1411 4374 νπὲρτατος

273 4367 414 4434 vocatur,
437 4359 567 4420 eundem
591 4361 620 4421 h.
636 4360 658 4420 l.
676 4356 769 4439 μέγαν
789 4363 999 4439 praedicatum
1015 4383 1092 4424 esse.
1122 4362 1185 4423 Sed
1200 4362 1285 4439 Ζῆνα
1298 4350 1410 4421 -τὸν

272 4439 368 4517 ξένιον
378 4445 436 4505 Δία
450 4445 639 4528 Aeschylum
651 4447 817 4526 scripsisse,
835 4468 902 4507 oum
915 4448 1003 4508 nulla
1017 4449 1147 4555 nominis
1159 4450 1284 4526 repetiti
1299 4467 1410 4507 caussa
