3254 5304
536 347 578 439 De
595 383 784 454 interregibus
799 383 938 438 Romanis.
1246 382 1305 445 183

167 573 353 638 quamquam
367 561 491 612 senatus
508 550 707 612 ducentorum
723 559 803 627 erat,
826 551 866 611 ad
881 551 1001 631 singula
1015 553 1190 631 interregna
1204 560 1307 614 tamen

169 649 289 702 centum
312 646 429 699 tantum
452 647 555 733 patres
577 638 792 718 pertinuerint.
833 636 933 715 Quam
947 639 1047 698 facilis
1064 639 1205 698 animast
1223 659 1306 698 error

166 727 265 800 Livii,
287 725 341 806 qui
365 742 458 803 quum
479 715 550 782 cent
550 743 600 780 um
622 731 742 802 patres,
765 741 862 801 penas
891 743 965 802 quos
993 724 1201 800 interregnum
1228 723 1302 782 fuis-

166 820 228 884 set,
253 809 481 871 commemorari
501 807 636 883 videret,
658 808 739 866 hunc
759 809 936 868 universum
956 816 1094 867 senatum
1110 827 1176 867 asse
1199 810 1304 908 opina-

165 896 279 958 retur?
324 891 441 972 Quidni
471 902 572 953 autem
595 892 755 970 probabile
786 895 826 953 sit
852 894 897 952 uti
923 913 1050 971 regnum
1077 893 1121 950 ita
1143 893 1269 952 etiam
1260 913 1304 951 m-

169 992 344 1058 terregnum
362 979 443 1038 inter
462 987 623 1057 utrumque
644 976 782 1037 ordinem
801 979 987 1050 alternasse,
1009 997 1101 1058 quum
1125 997 1224 1056 aequo
1239 978 1304 1037 iure

168 1067 277 1128 Sabini
290 1061 426 1124 fuerint?
454 1063 624 1142 Utramque
639 1070 762 1141 gentem
779 1063 894 1122 sociata
907 1062 1031 1121 civitate
1047 1081 1109 1120 non
1125 1081 1163 1120 ea
1179 1081 1302 1121 concor·

168 1150 220 1210 dia
248 1149 400 1210 coaluisse
423 1156 554 1222 constat,
579 1149 653 1227 quin
674 1167 785 1225 magna
804 1147 1010 1207 intercederet
1030 1146 1207 1218 aemulatio;
1230 1146 1304 1226 quid

167 1237 260 1314 igitur
277 1235 373 1312 magis
396 1240 646 1304 consentaneum,
669 1233 807 1311 quamsi
830 1232 962 1292 Sabinus
982 1252 1039 1291 rex
1061 1239 1227 1306 crearetur,
1248 1251 1305 1309 per

167 1321 308 1394 Latinos,
325 1319 350 1377 si
363 1319 505 1392 Latinus,
524 1337 580 1395 per
595 1315 724 1377 Sabinos
746 1315 865 1376 creari?
897 1316 934 1375 Id
950 1317 1030 1375 enim
1045 1315 1178 1374 maxime
1193 1336 1303 1376 caven-

168 1405 240 1465 dum
257 1411 338 1477 erat,
362 1411 476 1461 utnon
496 1403 591 1460 solum
613 1402 641 1460 ei
665 1401 765 1478 genti,
791 1421 810 1460 a
831 1421 892 1480 qua
913 1419 969 1462 rex
989 1400 1133 1460 oriundus
1152 1408 1231 1474 erat,
1253 1421 1302 1460 ac-

168 1499 275 1570 ceptus
294 1495 376 1548 esset
391 1485 437 1564 (id
454 1493 561 1564 sponte
577 1504 633 1545 sua
649 1486 782 1545 futurum
799 1483 985 1562 videbatur),
1002 1485 1058 1546 sed
1074 1503 1115 1544 ne
1131 1485 1220 1544 alteri
1235 1507 1304 1545 enm

167 1577 199 1635 in
215 1574 284 1634 odio
299 1571 464 1643 baberent,
486 1569 568 1630 unde
592 1569 730 1629 ordinum
752 1570 915 1630 concordia
934 1570 1116 1630 turbaretur.
1148 1569 1249 1646 Quam
1265 1571 1303 1630 ob

168 1679 304 1719 caussam
325 1657 393 1736 quis
416 1656 640 1735 sapientissime
662 1655 776 1715 factum
790 1655 928 1734 negabit,
953 1656 979 1715 si
995 1656 1115 1714 comitia
1129 1674 1192 1714 non
1208 1675 1303 1734 penes

166 1743 288 1804 eosdem
315 1761 382 1801 esse
404 1740 633 1814 decerneretur,
656 1741 804 1820 equibus
829 1761 885 1801 rex
907 1749 989 1801 esset
1011 1738 1183 1800 creandus?
1214 1740 1303 1818 Quae

166 1849 214 1889 res
228 1849 284 1906 per
300 1845 333 1886 se
348 1827 392 1886 ita
408 1835 453 1884 ιιι
465 1825 648 1899 verisimilis,
664 1833 698 1884 ut
710 1827 828 1886 etiamsi
843 1825 883 1885 ad
898 1824 1134 1886 confirmandam
1146 1845 1213 1884 eam
1227 1825 1305 1884 nihil

165 1909 672 1990 tradereturpraeterquamquod
693 1911 815 1989 singula
837 1913 1013 1988 interregna
1037 1909 1076 1969 ad
1098 1919 1218 1969 centum
1237 1919 1302 1970 tau·

166 2006 229 2056 tum
243 2004 347 2076 patres
362 1995 546 2073 pertinuisse
562 2003 737 2069 narrantur,
757 2005 860 2055 tamen
883 1995 1005 2074 probari
1024 1995 1130 2072 possit.
1164 1996 1304 2055 Iamvero

167 2082 198 2141 id
221 2083 319 2159 ipsum
341 2079 422 2159 qnod
449 2079 589 2137 volumus
616 2080 647 2136 in
672 2080 710 2137 iis
731 2099 811 2158 quae
839 2079 878 2138 de
902 2079 1115 2158 antiquissima
1137 2080 1263 2138 civitate
1286 2101 1304 2138 a

166 2178 265 2226 r'ernm
289 2163 485 2242 scriptoribus
505 2171 680 2237 narrantur,
701 2164 790 2224 modo
809 2173 893 2224 recte
909 2165 1156 2242 interpretemur,
1183 2162 1304 2224 disertis

167 2251 270 2310 verbis
286 2251 387 2308 inesse
402 2249 580 2327 reperimus.

229 2334 353 2412 Quippe
375 2335 401 2392 si
420 2341 607 2393 narratorum
632 2331 671 2392 de
694 2334 826 2394 Romulo
845 2340 876 2394 et
892 2333 993 2393 Numa
1009 2334 1156 2412 originem
1172 2342 1302 2415 epactae,

165 2441 226 2480 non
246 2428 308 2480 tam
329 2420 549 2496 vitameorum
564 2419 717 2477 hominum
741 2420 904 2494 contineri,
925 2438 1016 2498 quam
1034 2420 1171 2498 mythice
1184 2422 1304 2480 ratione

167 2507 329 2584 imaginem
346 2504 575 2583 antiquissimae
591 2503 781 2582 reipublicae
798 2504 854 2564 sub
870 2504 981 2563 sabulis
995 2504 1092 2564 latere
1108 2513 1139 2564 et
1152 2505 1303 2564 instituto·

165 2612 230 2650 rum
246 2609 326 2670 quae
337 2590 452 2649 fuerint
464 2589 599 2648 rationes
612 2589 682 2648 inde
698 2589 837 2670 expediri
850 2609 940 2668 posse
956 2588 1037 2667 apud
1046 2590 1185 2648 homines
1200 2587 1304 2649 doctos

164 2675 257 2735 hodie
276 2694 380 2735 omnes
397 2681 524 2734 constat.
559 2671 651 2732 Unde
667 2693 795 2753 eaquae
818 2674 856 2733 de
871 2675 1046 2751 interregno
1062 2673 1145 2754 quod
1160 2681 1228 2752 post
1242 2675 1303 2734 Ro·

164 2761 238 2820 muli
256 2768 383 2820 mortem
406 2759 500 2818 fuerit
520 2765 693 2833 narrantur,
718 2759 758 2818 ad
778 2761 953 2819 universam
976 2760 1041 2818 eius
1062 2760 1193 2818 instituti
1212 2760 1303 2818 ratio-

164 2865 235 2905 nem
248 2845 414 2905 translerre
429 2845 461 2902 in
475 2851 593 2920 promtu
608 2851 663 2902 est.
695 2845 760 2904 Iam
775 2865 848 2904 vero
864 2864 937 2922 rege
952 2852 1069 2903 mortno
1081 2864 1224 2921 magnum
1239 2864 1303 2904 cer·

167 2939 268 2990 tamen
286 2931 380 2990 fuisse
396 2937 536 2998 narrant,
559 2948 598 2988 ex
621 2937 690 2988 ntra
704 2939 796 3008 gente
810 2951 866 2990 rex
880 2949 977 2990 novus
995 2937 1163 3006 crearetur,
1179 2929 1303 2990 tandem

166 3023 235 3093 post
248 3015 372 3092 longam
384 3014 608 3072 contentionem
623 3014 750 3075 intent
717 3037 736 3075 u
738 3025 862 3097 trosque
879 3015 1066 3089 convenisse,
1082 3024 1117 3074 ut
1134 3023 1188 3074 aut
1199 3016 1269 3074 Lat
1248 3016 1304 3074 tmi

132 3121 134 3127 ι
166 3118 270 3176 regem
286 3106 426 3157 crearent
438 3117 498 3155 non
514 3096 552 3156 de
568 3117 623 3156 sua
638 3109 730 3176 gente
744 3101 798 3160 sed
814 3121 852 3160 ex
868 3101 973 3159 alteris
984 3119 1075 3178 quem
1090 3101 1222 3159 maxime
1239 3099 1303 3159 ido-

166 3203 258 3242 neum
274 3181 461 3256 iudicarent,
480 3189 532 3239 aut
548 3182 668 3242 oriundi
684 3205 702 3242 a
721 3186 844 3246 Sabinis
862 3184 943 3244 idem
959 3182 1138 3255 facerent¹).
1170 3184 1304 3262 Optione

168 3267 241 3326 data
252 3276 374 3326 veteres
389 3274 545 3326 senatores
563 3269 748 3328 creationem
761 3270 844 3346 regis
859 3289 953 3346 regno
966 3269 1160 3347 praetulisse.
1190 3269 1232 3326 Et
1244 3269 1304 3327 hoc

168 3351 291 3433 quidem
306 3351 345 3410 ab
360 3351 397 3409 iis
413 3350 565 3424 additum,
581 3352 755 3429 quiveram
771 3373 924 3426 caussam,
943 3353 980 3412 ob
997 3373 1088 3434 quam
1102 3372 1198 3430 regno
1213 3351 1303 3412 cede·

237 3568 264 3632 1)
283 3567 402 3648 Dionys.
419 3567 457 3632 II,
478 3568 521 3618 58.
552 3557 772 3633 ‘Eiaoptvch'
792 3558 838 3618 aa
857 3561 931 3617 πολὺ
952 3564 1003 3633 τῆς
1020 3565 1219 3650 φιλονεικίας
1213 3567 1304 3617 τελεν-

166 3635 268 3694 τιᾶντις
286 3627 332 3687 ἐπὶ
351 3630 441 3705 τούτῳ
461 3633 621 3720 σινέρησαν
639 3652 677 3703 τῳ
697 3634 814 3706 δικαίῳ,
838 3651 906 3694 ωςτε
930 3634 1014 3687 ιιιοίν
1039 3627 1219 3716 θάτερον,
1199 3653 1217 3702 η
1237 3629 1305 3693 τούς

166 3699 374 3790 πρεσβυτέροις
394 3688 550 3790 βσνλιντας
574 3689 725 3768 ἄποιιὲῑξαι
751 3675 865 3774 βασιλέα
886 3703 968 3769 σφοῖν
993 3705 1046 3788 μιν
1066 3697 1161 3756 αὐτῶν
1172 3675 1303 3772 μηδένα,

165 3767 266 3826 τῶνδ’
284 3764 413 3826 datae*
395 3791 431 3826 ον
448 3767 485 3825 ἂν
481 3765 820 3857 ἕπιτηδιιόιατονεῖναι
840 3774 1008 3861 νομίσωσιν,
1027 3764 1046 3836 ἢ
1064 3767 1132 3833 τοὺς
1150 3774 1304 3856 νεωτέροις

112 3865 114 3868 ·
165 3839 197 3895 τὸ
216 3836 287 3896 αὐτὸ
307 3841 426 3908 ποιῆσαι
440 3842 537 3898 τοῦτο.
567 3844 706 3924 Δέχονται
723 3838 777 3910 τὴν
793 3843 904 3909 αἵρεσιν
919 3859 946 3894 οι
939 3836 1148 3910 πρεσβύτεροι
1165 3841 1213 3894 καλ
1230 3835 1303 3894 πολι)

166 3905 213 3964 ἐπὶ
236 3911 318 3980 σφῶν
340 3909 437 3965 adroic
462 3907 693 3996 βουλευσάμενοι
706 3909 882 3994 ἔγνωσαν-
906 3931 965 3993 sqq.
988 3915 1060 3966 Plut.
1082 3915 1161 3965 Num.
1188 3915 1239 3966 ΙΙΙ.
1255 3905 1303 3962 ’Ea

166 3976 269 4033 τούτου
287 3977 482 4068 ouvidqquv’
466 3977 624 4050 αμφότιραι
641 3977 714 4048 πρὸς
730 3976 850 4064 ἀλλήλας
867 3977 900 4033 αλ
895 3977 1030 4066 στάσεις,
1050 3972 1117 4041 ciere
1134 3977 1188 4049 τὴν
1206 3977 1303 4047 ἑτέραν

167 4042 197 4100 tu
196 4049 264 4129 τῆς
283 4042 378 4132 ἕτὲρας·
392 4046 513 4114 ιἰποδειξ
499 4050 542 4114 ξαι
561 4048 683 4122 βασιλέα
720 4047 854 4105 Μάλιστα
871 4045 923 4118 γὰρ
943 4043 979 4103 ἂν
999 4047 1088 4111 οὕτως
1106 4045 1137 4102 ἔν
1154 4051 1235 4134 τιτῷ
1250 4068 1303 4102 πα-

168 4113 249 4184 ρόντι
267 4115 436 4173 παύσασθαι
454 4115 508 4188 τὴν
526 4121 704 4204 φιλονεικίαν
726 4119 774 4174 ιαι
792 4115 844 4173 τὸν
861 4119 1073 4204 ἀποδειχθέντα
1091 4115 1163 4209 πρὸς
1180 4104 1302 4203 ἀμφοτέ-

168 4202 238 4246 ρονς
256 4187 319 4238 ίσιν
336 4190 485 4254 γενέσθαι,
509 4186 577 4250 τούς
596 4183 690 4258 plv‘
671 4209 709 4251 ως
727 4182 910 4258 ἕλομένους’
893 4207 1061 4276 αναπωντα,
1086 4196 1148 4250 τοις
1166 4184 1303 4242 ὃέὔνονν

167 4251 250 4308 ὄντα.
258 4251 307 4306 διὰ
331 4271 364 4307 σι
383 4258 503 4323 γένειαν,
529 4252 761 4342 'caesareanas
783 4259 815 4313 δὲ
837 4257 986 4344 προτέροις
1008 4263 1068 4317 τοίς
1083 4252 1232 4343 Ρωμαίοις
1249 4251 1302 4322 τὴν

167 4323 293 4406 αἵρεσιν,
314 4275 393 4388 ἔθιζε
411 4327 518 4393 μᾶλλον
539 4321 654 4382 ἑλέσθαι
676 4329 805 4400 Σαβῖνον
825 4323 930 4390 carobs
950 4319 1195 4410 ἀποδείξαντας
1175 4345 1198 4410 η
1212 4342 1301 4404 παρα-

168 4397 247 4478 σχεῖν
265 4384 406 4478 Papiriou
431 4387 547 4446 ἐκείνων
576 4391 725 4464 ἑλομένων.
764 4397 820 4451 Καὶ
844 4392 1065 4466 βουλευσάμενοι
1088 4389 1159 4446 καθ’
1185 4386 1302 4451 ἑαυτοὺς

166 4456 410 4516 αιιοιλειιιννοισιν
420 4453 451 4513 ἒιι
461 4462 595 4531 Σαβίνων
607 4467 730 4534 Νονμαν
739 4468 903 4534 Πομπίλιον
922 4485 982 4533 sqq.
1006 4467 1048 4516 of.
1059 4469 1143 4516 etiam
1151 4467 1212 4516 Liv.
1223 4465 1247 4528 Ι,
1260 4465 1300 4513 17.
