3254 5304
376 402 623 456 Coniectaneorum
645 402 672 454 in
688 401 817 468 Aeschyli
832 402 978 472 Supplices
995 421 1061 473 pars
1077 404 1172 458 altera.
1280 403 1339 463 119

202 571 269 644 bet,
287 571 482 630 etiamsinon
496 571 666 630 firmaretur
684 570 731 641 iis,
748 587 828 647 quae
846 567 1075 646 disputavimus.
1105 571 1221 651 Aptum
1237 581 1338 632 autem

203 665 265 727 est,
285 654 356 714 dum
373 653 411 716 ad
427 674 522 714 novas
537 654 627 714 sedes
643 661 810 726 transeant,
829 673 880 712 eas
896 652 997 712 denuo
1013 655 1097 714 Iovis
1113 658 1338 718 invocationem

202 739 332 815 addere,
353 739 435 798 unde
456 759 563 817 preces
578 738 751 816 profectae,
769 739 870 816 gentis
885 739 1032 811 auctoris,
1052 760 1070 797 a
1085 761 1144 818 quo
1160 743 1256 802 omnis
1275 764 1339 802 sors

201 845 305 885 earum
319 822 462 902 pendeat.
490 823 605 900 Aptum
623 823 756 903 denique
777 823 868 882 etiam
884 822 953 894 hoc,
975 823 1045 881 aute
1059 824 1155 901 Regis
1174 827 1338 886 adventum

171 901 174 908 ¹
201 919 355 990 postrema
376 906 482 980 Ohori,
505 928 567 966 non
589 909 707 980 Danai,
730 906 825 968 verba
847 927 924 966 esse.
947 905 1128 984 —Quodsi
1149 920 1250 971 autem
1271 913 1338 990 quie

203 994 345 1070 exempla
365 1011 506 1050 versuum
527 992 619 1053 simili
639 993 759 1051 ratione
778 990 859 1072 apud
880 991 1070 1072 Aeschylum
1086 994 1227 1075 ascribis
1248 995 1338 1053 traie-

204 1087 319 1138 ctorum
335 1079 461 1156 eiusque
476 1076 522 1134 rai
538 1096 661 1136 caussas
681 1087 823 1158 quaerat,
840 1078 866 1135 is
880 1076 1050 1135 Hermanni
1066 1076 1104 1134 de
1116 1098 1212 1138 vermes
1228 1079 1338 1157 spuriis

203 1184 252 1244 a.p
267 1161 382 1224 Aesch.
404 1159 647 1220 dissertationem
665 1161 764 1237 adeat,
783 1162 896 1240 Opusc.
914 1161 974 1221 vol.
992 1161 1026 1219 ΙΙ
1027 1183 1079 1240 ..p
1072 1169 1125 1224 .76
1141 1183 1208 1244 sqq.

265 1248 368 1306 Etiam
389 1246 467 1304 alius
490 1245 670 1324 Supplicum
691 1266 796 1306 versus
819 1243 942 1304 videtur
957 1245 1062 1305 sedem
1081 1266 1167 1304 suam
1181 1247 1338 1325 migrasse,

202 1352 322 1391 versum
336 1340 387 1392 442
408 1329 550 1402 dicimus,
571 1331 623 1408 qui
642 1331 727 1389 nullo
750 1350 817 1389 cum
837 1332 888 1403 iic,
910 1349 989 1410 quae
1012 1330 1199 1391 antecedunt
1219 1340 1271 1391 aut
1290 1354 1337 1392 se-

202 1437 284 1496 quun
286 1425 348 1489 tur,
364 1434 448 1474 nexu
465 1415 650 1473 continetur·

409 1512 469 1573 Kal
485 1515 603 1612 γλῶσσα
622 1503 782 1586 τοξεύσασα
783 1505 838 1612 ἳμῆ
854 1537 890 1574 τα
881 1506 1022 1594 καίρια,

409 1595 530 1658 Γὲνοιιο
545 1591 647 1698 μύθου
665 1599 764 1676 μῦθος
777 1587 816 1657 dv
834 1595 1034 1697 θελκτήριος

404 1671 582 1783 Ἀλμεινοι
605 1683 735 1762 θυμοῦ
758 1676 878 1784 κάρτα
898 1677 1111 1783 κινῆτῆρια.

404 1759 505 1840 Ὀποις
520 1759 581 1825 δ”
564 1789 692 1867 ομαιμον
705 1760 834 1846 αἷμα
795 1792 836 1847 μη
850 1762 1018 1848 γενήσεται,

409 1856 468 1914 Δεῖ
477 1846 572 1931 κάρτα
586 1846 675 1914 θύειν
697 1875 764 1936 sqq
1012 1887 1014 1892 ·

201 1957 308 2058 Quem
318 1975 440 2016 versum
455 1954 551 2016 Well
573 1956 738 2016 infeliciter
761 1956 924 2018 emendare
944 1961 1070 2014 conatus
1086 1962 1148 2028 est,
1172 1977 1227 2034 Ριο
1242 1947 1337 2033 κάρτα

202 2043 366 2102 coniiciens
387 2029 457 2119 γοιρ
479 2030 530 2098 τοι.
576 2039 646 2116 Qua
667 2042 842 2100 coniectura
859 2038 1019 2116 Aeschylo
1035 2047 1104 2098 sent
1106 2049 1158 2098 ent
1160 2040 1219 2098 iam
1234 2040 1286 2098 οιιι
1274 2049 1336 2098 tru-

200 2130 240 2188 sit
261 2145 375 2188 summo
394 2133 487 2204 poeta
509 2123 665 2202 indignam
685 2145 787 2204 neque
808 2143 891 2182 nexu
913 2123 1138 2182 cohaerentem.
1178 2125 1214 2183 S
1216 2125 1334 2183 anlcrus

199 2215 280 2272 hunc
292 2232 413 2272 versum
423 2218 494 2268 ante
508 2208 745 2289 praecedentem
760 2209 932 2282 collocavit,
948 2227 1007 2288 quo
1019 2207 1086 2266 loco
1099 2229 1162 2268 non
1175 2217 1222 2267 est
1237 2217 1332 2287 aptus

201 2299 301 2379 Aptus
317 2305 364 2356 est
377 2303 448 2375 post
462 2314 583 2353 versum
596 2303 663 2356 463:

407 2391 467 2454 Καὶ
482 2392 613 2469 πολλαχῆ
632 2413 665 2470 γε
682 2383 883 2450 δυσπάλαιστα
899 2386 1073 2488 πράγματα,

408 2471 561 2557 Ἀλγεινοῖ,
579 2476 683 2553 θυμοῦ
697 2468 793 2554 κάρτα
808 2468 976 2552 κινῆτῆρια.

200 2584 343 2642 Fortasse
362 2582 440 2640 falso
460 2580 527 2638 loco
531 2578 714 2674 ιιιιιιιίΡιιιι
731 2586 777 2637 ιιι
796 2585 920 2657 ΡιοΡιιι
935 2577 1097 2636 formarum
1113 2577 1333 2638 adiectivarum

199 2659 373 2744 θελκτήριος
389 2675 420 2726 ιι
433 2653 601 2740 κινῆτῆριος
615 2662 856 2722 similitudinem.

262 2754 316 2813 Vs.
332 2762 384 2815 259
400 2771 467 2830 sqq.

403 2832 490 2920 Απις
493 2836 560 2946 γὰρ
575 2839 674 2909 trodo
693 2845 725 2908 ἐκ
740 2845 831 2946 πέρας
847 2839 1044 2918 Ναυπακτίας

406 2923 607 3030 Ἰαιρόμαντις
620 2938 691 3005 παῖς
702 2924 885 3004 ’Λπόλλωνος
898 2923 994 3010 χθόνα

408 3006 502 3118 Τῆνδ
518 3014 691 3098 ἐκκαθαίρει
706 3009 867 3079 κνωδαλοιν
862 3009 1115 3116 βροτοφθόρων,

409 3093 453 3160 Tol
469 3092 505 3178 δῆ
520 3104 655 3163 παλαιῶν
671 3101 802 3182 αἱμάτων
817 3095 959 3181 μιοῖσμασι

404 3179 605 3262 Χρανθεῐσ’
589 3189 682 3264 ανῆκε
696 3193 781 3267 μαῖα,
795 3191 970 3265 μῆνεῖται
991 3205 1064 3260 ακῆ

407 3265 658 3350 Δρακονθόμιλον
676 3271 805 3350 δυσμενῆ
822 3271 985 3344 ξυνοικίαν

200 3374 351 3469 Μῆνεῖται
369 3390 428 3446 ακῆ
444 3372 529 3446 libri,
550 3367 630 3450 μῆνῆ
648 3371 699 3432 και
715 3364 791 3448 δακη
811 3375 883 3433 Τ.ι
887 3375 1012 3434 tv.-
1027 3371 1119 3431 Wall.
1135 3359 1331 3446 αμονειαιδ’

196 3477 258 3532 ακη
272 3457 324 3515 vel
341 3447 544 3532 μῆδεταιδ’”
524 3478 585 3534 ακῆ
601 3459 745 3533 coniecit,
770 3458 911 3518 dubitans
924 3467 1040 3528 tamen,
1059 3476 1131 3513 num
1144 3477 1251 3514 verum
1266 3475 1332 3514 ver-

197 3542 268 3599 bum
282 3542 461 3619 reposuerit.
501 3540 655 3621 Quippe
647 3561 713 3621 upse
734 3542 887 3602 sentiebat
908 3562 974 3601 eam
998 3541 1252 3600 constructionem
1265 3559 1333 3598 cum

198 3628 339 3707 sequenti
354 3646 446 3686 versu
461 3627 577 3685 nullam
597 3647 673 3688 esse.
704 3625 906 3688 Scribendum
919 3625 1006 3685 videt
994 3634 1056 3684 ttur

406 3715 562 3804 χρανθεῖσ’
582 3717 676 3804 ανῆκε
693 3730 763 3806 γαῖα
786 3726 901 3803 μῆνιν
922 3723 1052 3800 αἰανῆ,

406 3805 647 3890 δρακονθόμιλον
662 3811 793 3888 δυσμενῆ
808 3811 926 3884 ξονοικί
923 3831 968 3869 αν.

199 3912 305 3988 Μῆνιν
327 3915 510 3994 supplicium
535 3922 634 3986 notat,
649 3934 718 4015 quo
744 3913 814 3973 ob
805 3934 880 3971 rram
899 3912 1009 3972 Tellus
1028 3913 1166 3973 homines
1188 3914 1332 3990 affecerit,

199 3996 252 4052 cfr.
270 3999 398 4060 Eumen.
419 4021 450 4058 v.
466 4009 519 4063 848
539 4021 592 4098 sq.
613 3987 713 4058 Οὐιδν
736 3995 856 4068 δικαίως
875 3987 940 4080 τῇδ’
958 3992 1126 4078 ἐπιρρέποις
1147 3991 1232 4060 πόλει
1249 3999 1331 4077 Μῆ-

198 4077 236 4134 ί
198 4097 259 4134 ν
278 4074 338 4138 τιν’
360 4071 380 4158 ῆ
396 4076 482 4142 κότον
496 4104 543 4142 ιιν
547 4073 722 4161 ’ῆβλαβῆν
737 4082 858 4166 στρατῷ.

261 4179 315 4239 VS
332 4191 383 4246 282
398 4203 463 4294 sqq.

326 4271 428 4336 Καὶ
397 4301 447 4351 τας
460 4272 627 4382 ανανδρονς
649 4275 949 4390 κρεοβρότονςδ’
967 4275 1184 4363 ’Apaturos

326 4359 366 4417 Εἰ
378 4361 583 4441 τοξοτευχεῖς’
567 4390 633 4445 ῆτε,
654 4392 728 4449 καρι
752 4391 791 4428 αν
805 4363 902 4452 ῆκασα

326 4432 419 4521 ‘Parc
438 4467 504 4526 ιιι
