3246 5328
304 437 365 496 110
483 437 730 492 Coniectaneorum
745 436 773 488 iu
787 433 914 503 Aeschyli
926 433 1071 504 Supplices
1086 450 1152 504 pers
1166 433 1254 504 prior.

632 589 670 660 A
690 595 782 677 Ζάν,
793 588 868 671 Ἰοῦς
883 588 919 659 lsi
936 619 1004 681 sqq.

302 710 444 768 Formam
469 698 533 766 Ζὰν
553 703 728 800 Aristoph3
731 703 792 762 Av.
815 711 864 766 575
886 701 994 760 hebet.
1012 693 1138 778 Ἠσθην
1157 697 1259 786 σέρφῳ
1274 703 1435 804 σφαγιαζο-

302 793 390 876 μένῳ.
405 825 449 838 -
465 783 661 870 Βροντοὶτω
682 787 752 848 νῦν
772 779 788 846 ὁ
805 779 1010 864 μέμαςΖυὶν.
1038 786 1176 864 Quorum
1191 797 1347 869 postremo
1362 811 1437 886 qum

304 901 343 939 ex
368 881 485 956 tragico
508 875 641 956 quodem
657 893 803 954 expresse
818 873 892 946 sint,
914 870 1047 931 dubitari
1065 874 1184 953 nequit
1214 875 1356 936 Formam
1371 866 1437 934 Zoiv

302 985 363 1044 quo
379 963 506 1022 oonsilio
522 960 698 1038 Aeschylus
712 959 908 1038 usurpaverit,
924 957 1013 1016 modo
1025 961 1139 1019 monui.
1139 958 1312 1058 Sequens
1328 981 1435 1020 versus

301 1050 405 1130 plures
428 1045 615 1108 emendandi
635 1046 701 1104 viss
720 1043 856 1103 admittit.
886 1041 1068 1119 Burgessius
1085 1033 1242 1121 μνάστειρ’
1252 1087 1261 1119 ,
1281 1047 1436 1144 Hauptius

302 1119 484 1232 μαστίκτειρ’
511 1131 658 1228 poniecit‚
686 1128 767 1211 quod
793 1125 974 1187 scholiastae
998 1129 1101 1190 verbis
1128 1130 1373 1191 commendetur:
1396 1114 1437 1188 Sl

303 1219 380 1293 Ζεν,
397 1239 415 1292 η
440 1203 520 1293 παρῖι
541 1216 601 1274 τῶν
622 1215 706 1274 θεῶν
722 1213 810 1290 μῆνις
829 1201 900 1270 κατεῖ
912 1199 989 1282 Ἰοῦς
1010 1209 1071 1272 ἔστι
1086 1207 1296 1292 μαστιμιαιιιιή
1328 1217 1368 1276 V.
1386 1227 1435 1278 155

302 1323 396 1384 quum
419 1323 518 1362 sermo
540 1302 580 1360 sit
601 1299 640 1358 do
660 1297 825 1359 invidieet
813 1297 1012 1377 tzelotypia,
1037 1299 1314 1397 ququnoIonem
1329 1321 1435 1381 perse·

303 1398 374 1448 outa
388 1389 440 1463 sit,
456 1408 507 1448 res
522 1389 589 1465 ipse
604 1384 696 1445 docet
709 1405 764 1464 pro
778 1373 849 1441 ῖιταν
864 1383 1074 1460 reponendum
1090 1405 1158 1445 esse
1172 1374 1258 1464 ipos.

346 1491 385 1551 V.
403 1498 452 1552 175
467 1509 513 1568 sq.
539 1483 599 1546 Καὶ
615 1474 688 1545 τᾶπι
679 1481 858 1582 χέρσου
819 1504 875 1542 νυν
893 1474 1084 1559 προμήθειαν
1098 1485 1201 1564 λαβεῖν

534 1570 609 1632 αἰνῶ
626 1559 822 1648 φυλάξαι,”
785 1591 842 1646 ιαμ
845 1557 929 1644 ’ἔπη
948 1565 1106 1648 δελτουμὲι
1108 1593 1152 1642 ας

303 1676 369 1736 Alii
383 1683 454 1754 post
470 1671 560 1749 αἰνῶ,
577 1675 630 1733 elii
645 1683 713 1754 post
733 1667 856 1750 φυλάξαι
873 1675 1101 1754 interpungunt.
1136 1672 1287 1731 Neutrum
1301 1681 1434 1732 constru-

303 1763 435 1822 ctionem
449 1768 552 1842 eptem
571 1760 667 1819 admit
655 1763 713 1822 ttit.
751 1759 968 1822 scribendum:

534 1859 624 1936 αἰνῶ,
643 1850 847 1939 polignam
828 1884 872 1938 αμ
875 1852 962 1960 ’ἔπη
984 1855 1183 1959 δελτουμένας.

345 1949 385 2010 V.
401 1958 449 2012 191
466 1966 513 2026 sq.
535 1945 645 2006 Allata
659 1936 943 2047 xoelyosivusplrol
958 1950 1025 2024 χρεῖ
1030 1934 1117 2022 ’ἔπη

535 2028 636 2104 ξένους
652 2021 823 2113 ἀμείβεσθ’,
846 2023 885 2103 ὥς
905 2025 1054 2109 ἐπήλυδας
1074 2028 1179 2110 πρέπει
1201 2051 1268 2113 sqq

303 2134 461 2195 Articulus
485 2135 559 2194 ferri
583 2136 698 2216 nequit.
731 2122 812 2194 Κοῦκ
837 2121 931 2212 ἆχρεῖ
956 2131 1013 2210 ἔπη
1030 2135 1109 2194 oeni.
1127 2134 1200 2195 Solo.
1217 2129 1433 2196 scribendum:

534 2234 633 2294 αἰδοῖα
647 2258 697 2295 ται
687 2227 816 2314 resolvo
833 2257 883 2294 ιιαι
875 2222 1081 2314 grippes*
1063 2255 1120 2312 επη
1136 2255 1202 2316 sqq.

303 2330 444 2417 Ζῖχρειος
470 2338 554 2420 apud
580 2339 775 2399 Theocritum
797 2339 924 2417 legitur,
951 2338 1136 2418 videturque
1159 2339 1252 2397 etiem
1274 2339 1353 2398 haee
1373 2355 1435 2396 vox

303 2425 385 2485 inter
403 2425 519 2484 Dorica
532 2425 710 2501 referende,
733 2445 811 2504 quae
821 2433 915 2503 poete
931 2423 1059 2485 oonsilio
1074 2425 1106 2482 in
1121 2423 1180 2483 hue
1200 2423 1309 2483 fabule
1323 2423 1434 2504 posuit.

365 2529 404 2590 V.
421 2537 474 2592 328
491 2548 558 2608 sqq.
717 2527 945 2586 ΒΑΣΙΛΕΥΣ.

245 2621 250 2632 ’
580 2601 690 2694 Τίφῂς
704 2610 852 2670 ἱκνεῖσθαι
868 2598 959 2670 τοῖνδ’
976 2597 1112 2689 ἇμωνίοιν
1127 2609 1226 2685 θεῶν,

579 2693 814 2773 λευκοστεφεῖς”
795 2711 900 2774 εχουυα
917 2692 1111 2775 νεοδρέπτους
1126 2688 1271 2768 αλιὶδονς;

495 2892 557 2946 330.
576 2869 630 2952 Ως
648 2869 687 2958 μή
679 2797 942 2961 yllaegpiolizilpolg
959 2875 1114 2962 Αἰγύπτου
1130 2877 1219 2961 μένει.

559 3053 567 3068 ,
662 3033 667 3042 .
710 2983 939 3044 ΒΑΣιΛυνΣ.

583 3062 699 3148 Πότερα
713 3057 779 3128 κατ’
796 3059 909 3148 ἐχθροῖν
925 3057 946 3146 ἢ
962 3059 996 3130 τὸ
1011 3057 1053 3148 μὴ
1068 3064 1156 3146 θέμις
1170 3066 1279 3149 lipom

716 3171 861 3231 ΧΟΡΟΣ.

577 3255 629 3329 Τίς
647 3244 675 3316 δ’
698 3243 737 3316 ἂν
752 3255 858 3332 φίλους
880 3248 986 3318 ὠνοῖτο
1006 3244 1076 3327 τοῖς
1094 3252 1308 3332 κεκτημένονςς

718 3360 948 3419 ΒΑΣΙΛΕΥΣ.

577 3440 695 3516 Solvas
710 3440 764 3522 plu
778 3435 856 3504 olivo
869 3443 968 3521 μεῖζον
982 3433 1100 3516 αι’ῖξεται
1115 3442 1243 3522 βροτοῖς.

578 3629 637 3693 Καὶ
655 3625 877 3710 όυςτυχοιῖντοιν
891 3618 921 3709 γ’
942 3617 1073 3710 εὐμαρὴς
1087 3617 1246 3708 ἀπαλλαγή
1260 3647 1325 3706 sqq.

302 3735 352 3792 De
368 3735 481 3813 insigni
494 3734 584 3795 huius
600 3737 679 3796 inter
688 3735 809 3813 Regem
824 3742 855 3793 et
869 3731 1000 3792 Chorum
1015 3733 1249 3815 stichomythiee
1266 3727 1430 3810 pulchritu-

250 3843 254 3850 ·
304 3817 376 3877 dine
398 3821 442 3878 ite
459 3820 571 3900 aliquis
593 3830 677 3880 reete
700 3819 846 3879 iudicium
869 3819 962 3894 feret,
986 3819 1012 3876 si
1035 3819 1210 3898 exemplum
1228 3835 1296 3876 esse
1312 3821 1433 3893 reputa·

302 3905 384 3962 verit
404 3905 547 3964 ooneisee
572 3901 851 4003 breviloquentiae,
873 3922 985 4000 quem
984 3903 1115 3963 Densus
1142 3902 1312 3980 virginibus
1335 3918 1434 3958 eorem

302 3987 441 4062 Argivis,
465 3988 574 4067 quibus
594 3981 703 4065 κόσμος
718 3978 738 4064 ἡ
753 3982 823 4067 σιγή
838 4007 868 4045 τε
884 3975 985 4046 uel
952 4008 989 4046 τα
1003 3987 1084 4065 παῦρ
1088 3978 1178 4062 ’ἔπη
1201 3984 1340 4065 (Sophf
1338 4004 1362 4044 r.
1378 3980 1436 4060 61),

304 4071 540 4133 commendavit.
568 4072 655 4149 Quae
671 4073 780 4132 eedem
796 4092 905 4132 neusse
922 4081 977 4148 est,
994 4072 1032 4132 ob
1047 4092 1138 4152 quem
1151 4091 1250 4130 nexus
1266 4068 1435 4128 sententie-

302 4175 370 4213 rum
392 4155 496 4252 paullo
517 4156 690 4236 impeditior
713 4177 815 4261 neque
836 4158 911 4217 setis
931 4119 1106 4217 inlelleetus
1127 4156 1166 4215 eb
1187 4153 1366 4214 editoribus.
1396 4151 1435 4212 V

302 4248 355 4303 332
374 4261 429 4319 pro
452 4227 556 4298 ὠνοῖτο
583 4237 797 4319 legendum''
778 4261 925 4316 ονοιιο,
953 4243 1036 4322 quod
1065 4249 1118 4301 eut
1146 4240 1239 4300 fallor
1263 4249 1316 4300 eut
1344 4238 1436 4296 etiem

304 4323 540 4386 Scholefieldius
562 4328 734 4428 proposuit..
758 4328 900 4406 Respicit
915 4326 1032 4387 Chorus
1051 4327 1149 4405 Regis
1162 4324 1275 4386 verbe.
1297 4345 1353 4384 κατ
1357 4311 1435 4398 ’ἒχ-

302 4402 427 4485 θρῖα,
431 4408 502 4486 ,Odi
515 4411 668 4511 profect03
684 4414 751 4492 quis
762 4413 843 4472 enim
859 4411 994 4472 dominos
1006 4413 1171 4490 vituperet,
1185 4412 1211 4471 si
1226 4412 1316 4470 emim
1307 4405 1436 4470 siut?“

302 4493 444 4556 Fortasse
460 4497 561 4576 aptius
576 4497 750 4578 scripseris:
