3246 5328
282 385 322 448 80
510 391 542 441 ln
563 391 715 457 fragmenta
732 389 837 457 aliquot
854 391 996 456 poctarum
1012 388 1184 440 comicorum.

240 614 244 620 ,
282 558 363 616 xime
380 556 562 635 placiturum
582 557 631 614 sit.
662 555 807 613 Nominat
827 554 878 612 hic
893 541 1015 624 minora
1025 553 1155 630 piscium
1173 571 1304 629 genera,
1323 554 1416 611 maio-

280 662 330 700 res
352 641 547 719 deprcmtnr,
563 641 676 720 quippe
698 640 751 716 qui
772 640 833 697 sint
848 637 1102 716 anthropophagi.
1141 637 1240 715 Quem
1259 658 1290 698 v.
1317 647 1350 699 12
1370 659 1415 718 sq.

283 735 388 806 aperte
408 724 528 798 irridet,
552 727 605 804 qui
626 731 762 783 caeteros
779 724 919 784 convivio
937 723 1062 802 excipit,
1079 723 1193 802 quippe
1207 724 1356 782 maiorum
1371 726 1417 801 pi-

175 865 177 872 .
282 811 377 875 sctum
400 818 530 884 amator,
558 818 589 868 et
613 831 643 868 v.
662 817 696 870 14
717 817 748 868 et
773 819 805 871 15
826 809 956 867 alterum
980 827 1019 866 ex
1037 809 1175 866 convivis
1201 809 1418 867 assentientem

281 896 382 958 habet
419 893 480 971 Qui
493 914 591 953 nexus
609 895 635 952 si
648 913 740 952 verus
758 902 824 968 est,
844 902 986 973 quattuor
998 893 1145 971 postremi
1160 912 1267 952 versus
1283 892 1418 952 nondum

282 983 325 1039 ita
340 980 492 1056 leguntur,
509 978 616 1059 quales
631 980 759 1057 scriptos
775 979 870 1038 fuisse
887 986 1128 1038 consentaneum
1145 987 1202 1038 est.
1233 977 1332 1046 Iidem
1348 999 1416 1037 ver·

268 1086 331 1126 .sus
351 1064 389 1122 ab
411 1062 574 1124 Athenaeo
592 1065 655 1124 VII
663 1084 724 1161 ,.p
736 1073 789 1126 313
809 1064 839 1124 b
857 1082 896 1123 ex
914 1063 1057 1160 Agroeco
1080 1063 1262 1138 afferuntur,
1285 1062 1339 1121 ubi
1362 1084 1417 1142 pro

276 1141 396 1224 Ελένης
419 1141 561 1248 βρώματα
584 1149 697 1238 legitur
717 1137 842 1224 Ἑκάτης
865 1139 1023 1226 βρώματα,
1050 1146 1132 1226 quod
1157 1168 1263 1208 verum
1286 1147 1417 1222 videtur,

283 1254 467 1316 quamquam
483 1235 560 1292 mira
576 1244 622 1293 est
638 1229 807 1312 scriptume
823 1234 1039 1312 discrepantia.
1071 1231 1152 1292 Vide
1169 1254 1249 1313 quae
1267 1232 1305 1292 de
1321 1253 1417 1292 coena

282 1321 424 1378 Hecatae
441 1319 561 1376 notavit
577 1319 788 1378 Hemsterhus
805 1317 845 1376 ad
860 1319 936 1378 Luc.
954 1317 1137 1396 dialogosp.
1154 1327 1198 1380 41.
1229 1319 1266 1378 V.
1283 1328 1316 1380 13
1331 1339 1369 1374 αν
1385 1319 1417 1377 in

284 1403 371 1464 codd.
389 1401 477 1462 deest
494 1401 631 1462 additum
651 1425 669 1462 a
689 1403 861 1498 Schweigh.
882 1404 1028 1462 Fortasse
1048 1401 1112 1472 κοῖς
1132 1393 1188 1460 οὐκ
1204 1389 1242 1460 dv
1256 1393 1419 1480 ἅνθρωπος

284 1481 391 1567 (palpem
427 1488 461 1547 Si
489 1489 551 1548 sint
577 1475 832 1587 ἆνθροιιιόφαγοι,
855 1486 963 1566 quidni
987 1488 1076 1548 homo
1099 1487 1261 1546 comedat?
1295 1487 1418 1546 Ludere

285 1576 364 1633 enim
383 1571 470 1631 'videt
458 1581 506 1631 tur
528 1573 559 1630 in
579 1593 655 1632 voce
682 1563 961 1672 ἀνθρωποφάγους,
983 1593 1073 1652 quam
1094 1574 1161 1672 ipse
1182 1575 1304 1651 passivo
1326 1581 1418 1631 sensu

284 1660 407 1738 accipit.
430 1657 609 1737 Respondet
624 1667 797 1738 quartuset
812 1679 878 1736 rpse
887 1677 1034 1718 marorum
1043 1677 1173 1736 pisorum
1185 1667 1314 1717 amator
1331 1678 1418 1736 aper·

285 1754 348 1827 vn
370 1751 416 1802 est
436 1751 467 1800 te
491 1751 576 1801 recte
545 1742 729 1818 tdixisse,
750 1751 819 1822 post
844 1763 924 1824 quae
947 1742 1109 1802 verbat
1064 1764 1095 1802 ιιι
1097 1741 1341 1822 terpungcndum
1365 1763 1418 1821 ap-

285 1837 383 1907 paret.

348 1913 395 1974 Id.
410 1912 494 1970 XIII
500 1931 553 1990 ,p
571 1923 665 1976 558a.
696 1913 733 1971 In
748 1911 903 1970 Anaxilac
924 1931 962 1970 ex
977 1911 1059 1972 Neo
1060 1911 1125 1972 tide
1141 1911 1178 1972 de
1194 1923 1356 1974 scortorum
1371 1935 1419 1972 ra

285 2000 419 2079 paritate
435 1959 604 2074 srag'mento
623 2019 652 2057 v.
669 2008 702 2060 15
718 2017 764 2076 sq.
778 1997 857 2056 haec
871 1997 1028 2074 leguntur.

445 2087 489 2155 H
501 2093 532 2155 δὲ
547 2097 728 2157 Ναννίον’
696 2119 724 2156 τι
738 2119 806 2156 νυνι
801 2093 979 2174 ’διαφέρειν
995 2087 1131 2172 Σκυλλης
1148 2095 1244 2174 δοκεῖς

452 2172 746 2256 ου’δυΗατιοτινίξασ
767 2179 899 2260 ἑταίρους
913 2175 966 2241 τὸν
976 2180 1076 2257 τρίτον
1093 2177 1252 2260 θηρεύεται

452 2264 494 2325 ἔτι
509 2266 626 2344 λαβεῖν,
641 2257 750 2340 ἀλλ’ἐξ
736 2263 834 2340 §Iasos
851 2264 983 2346 πορθμὶς
997 2265 1118 2350 ἐλατίνῳ
1135 2264 1240 2352 alara.

286 2371 348 2429 Pro
370 2363 635 2447 οοιιιιριοὲξὲιιισε
649 2369 821 2430 Casaubon.
838 2365 978 2445 ἐξέπαισε,
989 2370 1117 2429 Ροιεοιι
1133 2365 1292 2440 ἐξέπλευσε.
1309 2368 1422 2446 Aptius

288 2457 418 2515 fortasse
438 2450 577 2526 ἐξένευσε.

354 2540 401 2599 Id.
418 2496 508 2614 XIII,
524 2559 555 2618 p.
571 2548 664 2604 567e.
697 2533 893 2640 Τιμοκλῆςέν
910 2537 1027 2638 Νεαίρᾳ

701 2612 819 2682 Ἀλλ”’
801 2646 877 2724 εγῳγ
880 2600 1080 2720 ’ὅθύσμορος

325 2716 358 2751 ¹¹·
456 2729 573 2786 φρυνης
590 2704 713 2807 ἐρασθεί
712 2733 742 2784 ς,
758 2698 798 2806 ἡν
800 2709 831 2768 la
800 2699 951 2768 Γέτι
918 2730 974 2784 την
990 2703 1143 2786 κάπτηριν

454 2789 623 2892 συνέλεγεν,
637 2812 753 2852 οοτιωτ
758 2781 907 2894 ἐἶχεν,
897 2785 951 2852 ο’σα
965 2814 1022 2873 ιιερ
1039 2814 1097 2851 νυν
1112 2789 1187 2867 ἔχει,
1248 2849 1250 2854 ,

454 2867 602 2977 τταμιιολλ’
621 2867 790 2937 ἀναλίσκων
805 2869 854 2954 ἐφ’
872 2871 985 2961 ἑκάστῳ
992 2878 1074 2954 ,τῆς
1089 2870 1187 2955 θύρας
1299 2877 1301 2882 ’

448 2952 663 3061 ἀπεκλειόμην.

290 3036 456 3122 Verbattp’
478 3039 591 3128 ἑκάστῳ
613 3047 653 3106 ad
673 3057 803 3128 sequent
805 3050 835 3107 ia
850 3050 1020 3129 pertinent3
1039 3056 1163 3129 propter
1178 3067 1424 3126 unumquemque
1450 3107 1452 3114 Α

291 3133 384 3191 alium
400 3141 565 3193 amatorem
578 3133 718 3214 Phrynes
734 3134 850 3193 foribus
867 3154 900 3193 se
918 3135 1077 3192 exclusum
1096 3133 1243 3214 queritur.

222 3219 226 3230 '
352 3217 430 3276 Ibid.
447 3218 531 3276 XIII
538 3237 590 3296 ‚.p
606 3227 702 3282 568ο.
736 3219 774 3277 In
788 3218 932 3278 Alexidis
950 3219 1345 3314 exIsostasiifragmentm
1362 3238 1425 3297 quo

290 3292 345 3378 τὴν
368 3292 521 3380 ἑταιρικὴν
541 3292 730 3380 παρασκευὴν
745 3299 796 3360 καὶ
811 3325 863 3374 τας
885 3291 925 3361 δι
950 3297 1159 3380 ἕκιτεχνησεως
1177 3293 1342 3380 κομμώσεις
1363 3301 1426 3360 τῶν

291 3383 417 3468 ἓτυιρῶν
434 3387 587 3460 describit.
602 3409 632 3446 v.
646 3397 679 3450 14
692 3387 770 3447 haec
785 3388 944 3468 leguntur:

454 3480 585 3548 τιτθί”’
567 3480 627 3548 εστ’
643 3477 760 3548 αυταῖσι
775 3482 888 3549 τούτων
903 3471 945 3548 ὧν
960 3487 1048 3589 εχονσ
1050 3477 1107 3548 οἱ
1102 3488 1258 3586 κωμικοί·

457 3563 537 3677 ὀρθὰ
551 3577 726 3682 προςθεισαι
741 3573 864 3634 τοιαῦτα
878 3573 954 3673 γοῦν
965 3565 1065 3634 αὐτῶν
1068 3573 1132 3671 τῆς
1146 3573 1260 3645 κοιλίας

457 3650 580 3739 ὧςιιερει
594 3663 725 3718 κοντοῖσι
740 3652 854 3729 τούτοις
870 3649 949 3730 εἰς
921 3680 954 3718 το
966 3646 1076 3738 πρόσθ’
1095 3651 1259 3736 ἀπήγαγον.

291 3762 353 3822 Ριο
374 3765 550 3840 κρρςθεισαι
571 3760 765 3829 scribendum
786 3764 983 3839 προτιθεῑσσι.
1013 3762 1091 3822 'Fini
1105 3761 1269 3878 fragmenti
1283 3780 1361 3818 unus
1377 3779 1424 3818 se-

291 3847 395 3906 narius
414 3845 537 3906 additus

458 3922 546 4004 ὄψεις
562 3919 612 3990 dulc
625 3950 738 3990 τουτων
754 3928 960 4002 σκευοποιοῦσι
976 3930 1036 3989 τῶν
1050 3930 1161 4007 τεχνῶν

293 4030 374 4088 hunc
388 4031 421 4088 in
436 4031 567 4103 modum,
584 4040 618 4088 ut
631 4031 762 4106 videtur,
781 4031 992 4109 corrigendus:
1010 4021 1070 4102 Τὰς
1083 4028 1138 4132 μὲν
1152 4022 1239 4107 ὄψεις
1254 4019 1304 4088 drol
1324 4049 1424 4088 τοιαυ-

293 4133 353 4172 τιον
367 4113 595 4172 σκενοτιοιοῦσιν
616 4115 734 4190 τεχνῶν.
767 4114 1020 4196 Insequentibus
1042 4118 1121 4177 enim
1142 4125 1214 4196 poet
1216 4137 1264 4175 am
1282 4114 1320 4173 de
1336 4115 1427 4172 mori-

293 4197 350 4256 bus
368 4199 559 4257 meretricum
574 4198 690 4257 dixisse
707 4219 746 4258 ex
762 4221 791 4259 v.
807 4212 824 4263 5
841 4201 1002 4300 colligitur.

356 4282 402 4343 Id
390 4283 506 4424 §XIII
510 4305 553 4426 2p.
546 4293 615 4346 ,591
635 4303 661 4342 e.
682 4277 911 4355 Hoosr'drrcrrog‘
900 4306 916 4344 o
932 4277 1064 4364 κωμικὰς
1080 4283 1111 4345 ἐν
1122 4277 1238 4368 'lEosc‘
1227 4309 1246 4344 α
1261 4303 1328 4364 τιερι
1319 4276 1427 4361 “-Φρύ

293 4387 347 4442 νης
362 4388 398 4425 τα
418 4384 510 4444 εφησ

504 4445 612 4532 Φρννη
626 4441 685 4531 πρὸ
698 4441 785 4531 ἡμῶν
797 4449 918 4533 γέγονεν
931 4450 1148 4574 ἐτμφανεστατη
