3254 5304
297 410 356 472 162
501 410 747 463 Coniectaneorum
763 406 791 456 in
808 409 905 473 poetas
920 419 1035 470 graecos
1049 400 1139 469 capitu
1155 399 1220 450 duo.

296 587 423 657 magnas
443 578 500 636 sibi
519 582 642 654 parent,
667 570 885 633 Schneidewin
908 589 963 646 pro
984 566 1070 625 δοκεῖ
1089 564 1245 624 desiderat
1267 564 1361 619 ποθεῖ
1378 561 1431 620 vel

296 668 368 722 νοεῖ.
398 662 463 724 Sed
476 661 599 721 facilior
614 667 661 718 cst
678 655 851 716 emendatio
866 655 1008 712 aoristum
1023 643 1192 725 κτήσασθαι
1207 635 1340 708 mutare:

505 752 716 835 κτήσεσθαι
738 752 856 826 πάντως
877 747 1011 833 χρήματα
1027 740 1121 810 πολλα
1136 748 1225 809 δοκεῖ.

299 867 491 945 Quamquam
506 863 632 942 vulgate
648 862 778 944 fortasse
794 857 921 918 defendi
935 864 1044 938 potest.

850 1044 878 1104 7.

365 1168 626 1228 Hermesianactis
642 1167 677 1225 fr.
693 1166 736 1239 ΙΙ,
755 1175 786 1226 21
812 1163 939 1242 (Athen.
957 1159 1098 1236 XIILp.
1115 1157 1191 1252 olli)-

469 1265 552 1366 Φημί
568 1263 599 1325 δὲ
615 1261 666 1324 καί
682 1255 831 1362 Βοιωτίη,
845 1250 1089 1338 ἀποπρολιπόντα
1103 1241 1269 1340 μέλαθρον,

535 1341 673 1410 Ησίοδον
687 1344 783 1424 πάσης
797 1339 911 1446 ἤρανον
919 1343 1053 1445 ἱστορίης

469 1426 634 1508 Ἀσκραίων
645 1431 792 1505 ίςικέσθαι
805 1423 907 1491 ἑκόνθ’
919 1421 1095 1487 Ἑλικωνίδα
1107 1419 1226 1528 κώμην

531 1512 680 1579 Ἕνθεν”
663 1510 708 1597 ογ’
722 1511 827 1593 Ἠοίην
841 1510 994 1612 μνώμενος
1006 1504 1204 1611 Ἀσκραϊκὴν

471 1594 562 1664 Πόλλ’
582 1603 712 1678 ίπαθεν,
734 1597 866 1674 πάσαςδ
866 1593 996 1698 λλόγων
1007 1586 1331 1694 ιἰνεγριίψατοβίβλους

410 1695 420 1706 ”
528 1680 653 1767 Ὕμνων
668 1685 700 1747 ἐκ
718 1681 838 1766 πρώτης
855 1684 960 1755 παιδος
980 1677 1184 1761 ανερχόμινος.

305 1791 421 1849 Ηοιιιιιι
434 1811 576 1850 versuum
588 1793 693 1870 quinto
702 1787 955 1850 Schneidewinus
965 1795 1049 1845 recte
1061 1785 1139 1844 vidit
1149 1805 1257 1845 vocem
1266 1775 1361 1860 λόγων
1373 1801 1436 1839 cor-

305 1886 424 1954 ruptam
447 1896 514 1935 csse
522 1896 629 1956 ‚quae
651 1896 711 1934 ιιοιι
734 1882 835 1952 potest
859 1893 896 1932 ea
920 1873 1038 1930 ratione
1060 1870 1199 1945 defendi,
1221 1868 1302 1965 quod
1324 1865 1438 1945 βίβλων

306 1955 386 2038 λόγοι
402 1959 482 2019 idem
498 1961 538 2019 sit
557 1959 639 2041 quod
660 1953 822 2038 κατάλογος
843 1956 1003 2036 γυναικῶν.
1040 1956 1137 2032 Igitur
1155 1976 1210 2033 pro
1224 1947 1317 2031 λόγων
1333 1954 1438 2028 legen-

307 2045 377 2103 dum
395 2045 553 2124 proposuit
569 2043 657 2122 γοῶν.
687 2045 821 2103 Facilior
837 2052 883 2102 est
898 2050 1012 2102 correct
1014 2042 1052 2114 io,
1068 2063 1093 2099 οι
1085 2041 1237 2100 'scribam

515 2137 610 2216 πάσας
625 2141 656 2204 δὲ
671 2145 797 2222 populu
816 2133 1006 2238 ἆνεγραψατο
1020 2141 1142 2219 βίβλους
1155 2162 1221 2220 sqq

309 2245 514 2307 Schneiderus
534 2247 621 2306 Dior.
639 2246 760 2325 plriloll.
782 2233 1015 2304 Zimmerrnanu.
1039 2254 1123 2318 1838,
1146 2266 1176 2322 p.
1200 2251 1266 2315 948,
1289 2225 1436 2308 πάσαςδ

308 2327 441 2408 δλέγων
463 2333 628 2410 proposuit,
645 2351 735 2410 qnam
751 2332 870 2390 coniect
870 2333 954 2388 uram
970 2329 1126 2388 infelicem
1141 2347 1281 2388 essenon
1297 2323 1440 2446 estquod

307 2415 410 2473 multis
428 2415 531 2475 verbis
549 2415 797 2476 demonstremus,

864 2599 892 2660 8.

372 2718 519 2778 Eiusdem
538 2717 678 2777 carminis
693 2738 720 2775 v
737 2725 769 2779 61
777 2735 852 2836 sqq.

396 2815 481 2894 Φημί
495 2814 526 2876 δὲ
546 2805 686 2916 κβκεῑνον
701 2806 752 2874 τδν
769 2803 815 2874 σἰεί
834 2812 1058 2911 πεφυλαγμένον
1072 2803 1168 2891 δινδρα

437 2897 504 2960 Καί
524 2895 675 2960 πάντων
696 2904 805 3001 μῖσος
826 2890 1017 2999 ητοίμενον
1040 2894 1078 2956 ίκ
1103 2899 1273 2976 συνοχῶν

395 2974 531 3056 Πίσας
514 2982 591 3062 αμφὶ
607 2989 787 3084 γυναῖκας,
786 2975 846 3044 iai
862 2987 991 3043 σκολιοῖο
1006 2980 1134 3042 τυπέντα

439 3063 548 3144 Τόξου,
567 3061 741 3150 νυκτερινδς
754 3089 810 3128 ουκ
824 3057 977 3128 ἀποθέσθ’
994 3057 1112 3139 δδυνας.

375 3172 443 3232 Viri
462 3171 553 3230 Doct
531 3180 554 3230 tr
568 3171 650 3230 hunc
664 3171 765 3231 locum
775 3173 861 3231 varie
876 3180 1045 3244 tentarunt,
1063 3189 1189 3250 qnorum
1203 3168 1361 3228 Iacobsius
1384 3155 1441 3242 ηδ’

311 3244 462 3315 ἁπαλῶν
487 3259 570 3333 μῖσος
593 3247 743 3354 κτώμενον
764 3245 830 3329 ἒξ’
812 3247 1015 3353 ονιίχων,σ
998 3253 1193 3331 etRiglcrus
1215 3264 1245 3313 et
1260 3253 1372 3312 Artius
1394 3248 1445 3310 καί

312 3334 469 3441 πρώτων
491 3332 744 3418 μῖ-σοςκτιίμενον
761 3329 819 3413 ἔξ’
807 3361 952 3417 ονυχων
973 3339 1131 3399 dederunt.
1162 3338 1225 3399 Sed
1241 3359 1347 3398 essen
1349 3339 1447 3397 tentia

312 3427 435 3486 minime
462 3435 549 3505 apta:
572 3427 604 3486 in
633 3435 739 3504 aperto
766 3427 847 3486 enim
872 3434 919 3485 est
943 3423 1045 3484 odium
1073 3423 1234 3482 mulierum
1259 3423 1334 3496 dici,
1362 3421 1446 3520 quod

312 3521 406 3590 poeta
420 3510 560 3570 versibus
575 3512 637 3572 suis
652 3511 711 3570 sibi
725 3511 870 3590 parabam,-
886 3509 996 3590 quibus
1013 3508 1153 3568 convicia
1166 3507 1369 3567 mulieribus
1360 3526 1444 3581 mge-

312 3595 409 3655 rebat.
441 3597 550 3675 Neque
566 3615 639 3655 vero
655 3605 793 3656 atencro
810 3614 913 3673 ungue
936 3614 987 3653 eos
1003 3613 1109 3652 versus
1129 3593 1204 3652 fecit
1210 3592 1341 3672 ,quibus
1357 3589 1443 3647 femi-

312 3702 368 3740 nas
383 3682 593 3740 insectaretur.
623 3681 834 3755 Hermannus,
859 3679 911 3823 qui
929 3698 1050 3782 cqrmen
1071 3679 1215 3736 tractavit
1232 3695 1332 3774 opusc.
1347 3673 1444 3749 IV‚p

314 3775 365 3828 239
378 3784 462 3864 sqq,
487 3767 530 3824 sic
554 3764 773 3863 corrigendum·
786 3772 889 3863 putat.
883 3758 964 3820 :nol
987 3761 1120 3820 σπανίων
1140 3765 1225 3838 μῖσος
1244 3751 1445 3854 κτιδμενονὲκ

313 3841 457 3905 συνόδων.
485 3850 701 3946 Moschopulus
726 3850 857 3908 enimin
876 3848 949 3907 Vita
918 3846 1148 3952 tEuripidisp'
1166 3831 1344 3919 σκυθρωπὸς
1366 3831 1446 3898 δὲτὸ

313 3915 400 4023 ηθος
408 3950 447 4004 ην
463 3928 513 3988 καί
528 3922 651 4007 αμειδης
671 3929 721 3989 καί
737 3953 857 4009 φευγιον
871 3920 923 4001 τᾶς
938 3929 1112 4001 συνουσίας·
1132 3919 1205 3987 ὅθεν
1220 3924 1270 3985 καί
1286 3915 1447 4003 μισογύνης

316 4004 471 4086 ἐδοξάσθη.
482 4016 660 4116 Emperius
679 4015 838 4115 denique
824 4024 927 4075 noster
941 4017 1109 4074 Zimmerm.
1120 4014 1216 4072 diurn.
1232 4010 1350 4092 philoll.
1368 4019 1447 4082 1838,

304 4115 306 4122 ’
315 4118 344 4195 p
358 4103 424 4170 821,
440 4092 490 4152 καί
514 4097 664 4156 λασθῶν
679 4099 764 4174 μῖσος
778 4093 929 4174 κτώμενον
944 4094 976 4156 ἐκ
989 4090 1158 4176 συνάγων,
1162 4099 1214 4172 ‚Et
1225 4099 1280 4176 qui
1290 4115 1386 4176 perpe
1388 4095 1448 4152 tuis

316 4183 348 4239 in
367 4200 468 4238 omnes
491 4182 635 4240 mulieres
659 4183 905 4242 cavillationibus
921 4184 1042 4244 odiosus
1060 4191 1134 4244 erat.
1137 4185 1155 4213 “
1185 4182 1308 4242 Eadem
1326 4189 1448 4240 senten-

316 4273 382 4324 tent
384 4266 413 4323 ia
370 4264 653 4325 temendaudum
673 4268 894 4328 existimamus:

482 4360 540 4425 Και
555 4365 729 4463 παιγμῶν
743 4371 826 4468 μῖσος
841 4361 991 4448 κτώμενον
1006 4363 1038 4426 ἐκ
1051 4362 1186 4445 σονόχων

484 4442 587 4521 Πίσας
600 4438 677 4558 cippi
692 4453 836 4530 γυναῖκας
849 4473 916 4534 sqq.
