3230 5308
565 368 581 402 a
596 350 722 420 partibus
738 350 812 404 chori
827 351 954 404 cantatis.
1286 347 1325 410 23

193 519 302 590 vatim,
323 517 409 576 nullo
432 508 536 576 ordine
565 524 660 589 certo,
685 534 746 594 quo
768 517 864 592 magis
886 517 1106 616 exprimeretur
1127 517 1326 597 perturbatio,

193 603 371 676 incessisse,
390 601 526 660 ordinem
547 621 633 660 suum
653 601 839 678 explicuisse
856 599 998 662 demum'
991 611 1070 662 inter
1089 603 1269 664 canendum

258 688 418 764 Superest,
437 695 471 745 ut
492 685 530 744 de
546 706 576 746 v.
596 695 648 748 158
668 705 734 765 sqq
759 684 877 742 dicatur
883 703 983 762 ,quos
999 688 1220 747 emendatiores
1235 709 1327 766 supra

195 771 330 830 exhibui.
372 772 473 848 Vulgo
499 771 579 828 enim
595 778 663 872 post
684 766 768 838 ῦίιιας
788 764 878 825 πλέον
899 768 1137 848 interpungitur,
1165 783 1295 853 sequent
1297 775 1327 832 ia

194 865 297 915 autem
315 874 382 913 cum
397 849 589 932 ιιοῖρεσιιγῦς
602 846 671 930 <ipo
693 854 867 930 iunguntur.
900 854 951 911 De
972 873 1047 911 vera
1066 875 1168 914 eorum
1183 876 1327 917 versuum

191 942 309 1000 ratione
323 940 452 1035 primum
467 937 609 1015 strophae
631 937 818 1014 comparatio
839 933 1000 1011 admonet,
1025 939 1056 995 in
1072 958 1133 1018 qua
1147 960 1238 1018 quum
1254 951 1326 1001 ante

193 1045 300 1083 vocem
321 1015 443 1100 πάρεστι
460 1041 621 1101 personam
635 1023 744 1080 mutari
759 1029 896 1099 apertum
913 1021 966 1094 sit,
989 1020 1070 1080 idem
1085 1022 1190 1082 eodem
1208 1026 1325 1085 antistr.

192 1109 214 1167 l.
229 1108 297 1167 fieri
313 1116 549 1166 consentancum
569 1114 624 1172 est.
656 1104 739 1183 Quin
755 1107 876 1182 singula
892 1127 905 1165 s
907 1105 1033 1184 trophae
1054 1115 1084 1165 et
1099 1109 1217 1167 antistr.
1234 1108 1328 1166 verba

194 1192 253 1251 sibi
273 1191 474 1268 respondent3
499 1191 640 1268 strophae
664 1211 780 1250 comma
799 1191 907 1290 incipit
926 1211 944 1248 a
968 1207 1198 1289 vocemmeam
1219 1192 1327 1251 eadem
1404 1209 1407 1216 ¹

192 1296 251 1336 vox
271 1276 413 1335 eodeml.
432 1295 470 1333 an
472 1275 704 1352 tistrophae31n
722 1283 774 1338 ιιι.
789 1276 926 1373 proxime
937 1264 1158 1353 praecedunt‘
1141 1265 1200 1334 ιιιιῦ
1216 1273 1327 1355 φρένας

191 1350 251 1419 ῦιιῦ
276 1352 410 1437 λοβόν,“
402 1381 433 1418 ιιι
454 1361 571 1420 antistr.
603 1354 670 1436 περὶ
692 1351 771 1417 πόδα
795 1355 862 1436 περὶ
881 1351 966 1437 κάρα.
1003 1361 1096 1419 Talia
1111 1370 1239 1440 apparet
1260 1381 1327 1421 esse

192 1447 313 1525 quaesit
316 1465 333 1503 a
301 1453 378 1504 et
396 1445 524 1503 consilio
544 1465 562 1502 a
575 1453 666 1523 poeta
681 1445 790 1522 posit.
822 1445 967 1524 Denique
982 1447 1092 1504 mutari
1107 1447 1326 1526 interpunctio·

190 1551 260 1590 nem
278 1539 308 1589 et
325 1549 440 1602 sensus,
458 1549 511 1608 qur
502 1528 595 1587 inde
618 1530 749 1588 efficitur
762 1528 857 1588 multo
876 1528 1074 1604 commodior,
1091 1537 1122 1589 et
1136 1531 1189 1589 lex
1202 1551 1327 1609 respon·

191 1616 298 1688 sionis,
321 1635 382 1694 qua
398 1615 495 1672 altera
509 1633 640 1691 persona
655 1613 693 1672 ab
709 1615 807 1672 altera
821 1614 914 1673 simili
930 1615 1064 1674 oratione
1080 1616 1248 1693 excipitur,
1273 1636 1325 1694 po-

191 1700 314 1760 stulant.
344 1698 454 1758 Altera
468 1699 577 1757 Furia:
601 1699 693 1756 Talia
706 1699 896 1757 committunt
906 1699 961 1756 Dii
975 1699 1126 1773 iuniores,
1144 1701 1265 1759 omnino
1277 1721 1326 1760 su·

190 1805 246 1864 pra
267 1785 314 1842 fas
333 1783 440 1842 solium
462 1791 645 1860 occupantes
667 1784 749 1842 circa
772 1792 877 1862 caput,
896 1783 977 1842 circa
996 1781 1092 1862 pedes
1109 1785 1241 1862 ipsorum
1256 1805 1325 1846 san-

191 1871 284 1948 guine
302 1865 464 1946 stillans¹).
497 1866 555 1927 Oui
574 1868 672 1926 altera
685 1869 813 1927 occinit:
842 1867 947 1928 Oculis
977 1888 1100 1928 cernere
1116 1870 1191 1929 licet
1206 1870 1326 1930 umbili-

193 1975 261 2016 cum
289 1962 389 2011 temae
418 1952 520 2012 caedis
541 1961 627 2012 atrox
642 1952 798 2031 piaculum
812 1953 979 2031 recepisse.

251 2054 421 2132 Aliquanto
442 2055 585 2112 incertior
609 2062 654 2114 est
673 2055 751 2112 ratio
775 2055 930 2128 carminis,
953 2053 1035 2131 quod
1057 2055 1142 2131 Sept.
1160 2076 1190 2114 v.
1206 2063 1242 2118 78
1258 2075 1324 2134 sqq.

192 2139 322 2216 legitur,
346 2139 378 2194 in
399 2156 460 2214 qua
481 2135 668 2196 invenienda
695 2157 832 2197 caremus
854 2137 1053 2211 adminiculo,
1070 2137 1152 2217 qnod
1171 2159 1326 2216 erespon-

191 2225 277 2282 sione
295 2221 515 2298 antistrophica
537 2221 661 2299 petitur.
695 2220 829 2280 Accedit
850 2221 948 2280 altera
965 2221 1145 2295 difficultas,
1171 2223 1253 2299 quod
1271 2244 1325 2296 nu·

192 2327 293 2366 merus
322 2313 503 2364 commatum
529 2313 634 2384 aperte
661 2304 785 2364 excedit
808 2325 966 2364 numerum
993 2306 1216 2382 choreutarum,
1244 2307 1327 2367 unde

189 2401 309 2469 partem
325 2410 428 2450 eorum
443 2389 490 2449 bis
505 2390 655 2450 'cecinisse
671 2409 799 2450 necesse
815 2399 870 2450 est.
901 2391 1021 2450 Tamen
1037 2400 1118 2451 totus
1143 2392 1251 2451 eadem
1274 2394 1326 2451 via

191 2477 352 2550 insistens,
377 2495 468 2554 quam
485 2477 517 2534 in
534 2473 732 2534 antecedenti
747 2476 879 2534 carmine
895 2473 1096 2536 describendo
1112 2485 1234 2536 secutus
1251 2496 1325 2551 sum,

189 2569 224 2620 ut
245 2567 394 2620 commata
416 2560 651 2638 investigarem,
677 2579 766 2659 quae·
779 2580 797 2618 a
818 2560 909 2618 simili
929 2563 1081 2620 sententia
1103 2563 1325 2662 exciperentur,

189 2647 339 2706 rationem
361 2645 435 2704 satis
456 2643 672 2724 probabilem
663 2644 817 2703 1nvenisse
837 2644 912 2702 mihi
925 2643 1040 2704 videor.
1074 2645 1112 2704 In
1128 2647 1229 2724 quiuis
1246 2648 1326 2705 enim

192 2740 319 2790 commat
307 2729 387 2790 tibus
412 2729 519 2789 eadem
543 2737 589 2788 est
610 2730 832 2788 sententiarum
851 2730 1024 2808 responsio,
1049 2743 1128 2809 quae
1148 2731 1181 2788 in
1202 2738 1323 2790 antece-

191 2815 283 2876 dente
300 2816 448 2889 carmine,
464 2813 547 2873 unde
563 2801 638 2871 κατὰ
654 2803 788 2890 σιοιχοῦς
805 2813 964 2894 dispositos
980 2815 1076 2875 fuisse
1093 2815 1233 2876 efficitur.

398 2930 544 3011 (Πρωτος
557 2922 700 3009 σιοιχός)

665 3032 777 3130 Χοροῦ
783 3021 799 3092 d
814 3022 848 3091 α’.

354 3117 394 3178 A.
421 3117 554 3196 Θρεῦμαι
573 3105 688 3194 φοβεροῦ
702 3107 843 3214 psydl’'‘
822 3137 904 3212 αχη,

419 3205 603 3280 μεθεῖται
622 3190 779 3276 στρατὸς
798 3192 995 3280 στρατόπεδον
1010 3189 1113 3258 lasciv.

667 3308 798 3416 Χοροῦ
786 3339 802 3376 ο
815 3284 857 3416 β’.

352 3389 485 3460 Α.Ῥεῖ
495 3389 589 3472 ceolric
608 3385 663 3461 aits
678 3391 767 3472 λεοις
781 3394 946 3500 πρόδρομος
962 3393 1102 3470 ἱππότας·

418 3475 588 3558 αἰθερία
553 3505 636 3556 ιιονις
655 3506 690 3562 με
705 3486 806 3546 πείθει
805 3476 939 3583 φανεῖσ’

415 3558 545 3640 ῦιαιιῦος
560 3560 656 3646 σαφὴς
675 3567 779 3646 ἐίιιμος
794 3560 923 3649 ῦγγελος

669 3685 772 3761 Χοροῦ
787 3707 803 3744 ο
818 3708 853 3764 γ
916 3699 923 3714 ι

353 3773 389 3832 Β.
416 3759 572 3870 Ἑλέῦεμας
588 3759 656 3847 βοα
671 3764 927 3840 ιιεδιοιιιόιιιιιιιος

420 3873 472 3914 οισι
464 3851 675 3933 χρίμπτεται,
681 3855 834 3954 ποιῦιαι,
852 3843 995 3954 βρέμειῦ’

418 3929 563 4018 αμαχέιοιι
578 3938 665 4000 δίκαν
679 3930 816 4012 ῦῦατος’
803 3933 959 4019 οροιῦιιοιι

259 4188 285 4252 l)
307 4192 398 4240 Verba
418 4185 533 4256 θρόνον
556 4191 727 4259 κρατοῦντες
745 4197 776 4244 ιιι
795 4195 903 4244 omnino
922 4194 1044 4246 Deorum
1063 4190 1255 4243 iniustitiam¹
1247 4206 1322 4240 mcu-

188 4259 269 4318 sant,
293 4259 334 4306 ita
352 4261 465 4312 Furiam
483 4264 620 4328 Apollinis
640 4263 737 4314 solium
763 4267 827 4314 ante
800 4262 945 4314 otculos
971 4263 1101 4314 habuisse
1130 4264 1222 4342 patet,
1251 4259 1323 4323 quod

187 4325 286 4374 Oreste
304 4333 413 4390 recepto
431 4335 565 4396 sanguine
584 4333 751 4382 maculatum
770 4334 885 4383 iudicat
902 4325 986 4382 -Τὸ
999 4330 1066 4397 πᾶν,
1087 4331 1206 4392 omnino,
1225 4328 1319 4392 Agam

185 4411 211 4445 v.
234 4393 299 4458 179,
318 4394 354 4443 cf.
374 4396 472 4446 Blomf.
490 4401 526 4449 ad
546 4401 665 4465 choeph
685 4419 712 4453 v.
724 4403 775 4452 672
793 4402 875 4467 gloss
