3246 5328
454 427 486 478 ln
502 425 577 478 locos
592 425 698 496 aliquot
713 423 841 491 Aeschyli
854 423 1087 494 Chocphoraruur.
1296 419 1336 480 63

266 588 413 650 Eiusdem
430 591 537 650 commi
551 611 583 651 v.
596 597 650 652 388
665 607 738 667 sqq.r
748 587 827 646 haec
839 587 997 664 leguntur:

533 686 595 746 Καί
614 675 675 745 ποτ’
690 677 730 745 lv
746 674 922 778 ἀμφιθαλὴς

534 763 611 844 Ζεός
625 768 674 830 ἐπὶ
688 775 772 867 χεῖρα
789 764 892 848 βάλοις

533 857 591 931 φεῦ
606 856 665 957 φεῦ
681 847 816 952 κάρανα
819 853 923 928 δαΐξας

534 934 623 998 πιστοὶ
642 937 757 1040 γένοιτο
774 931 873 1036 χιόρα;

536 1016 667 1082 otucvo'
685 1021 714 1097 ἐξ
730 1001 873 1083 ἀδίκον’
856 1023 985 1085 απαιτιῑ.

204 1125 327 1187 Γένοιτο
351 1134 523 1204 corruptum
545 1145 614 1185 esse
631 1126 792 1186 verborum
813 1126 998 1186 constructio
1012 1122 1208 1184 demonstret.
1241 1113 1338 1183 Πιστᾶ

203 1222 328 1272 vertunt
342 1212 486 1273 fiduciam
505 1211 557 1270 vel
570 1223 694 1289 pacem,
715 1213 803 1272 falso.
833 1211 1017 1290 Ubicunque
1033 1211 1114 1268 enim
1126 1231 1181 1289 pro
1195 1208 1281 1268 subet
1269 1218 1337 1268 tan-

204 1299 268 1357 tivo
283 1307 345 1372 est,
363 1297 402 1356 de
419 1295 558 1355 foedere·
554 1305 619 1355 cut
631 1299 733 1395 potius
750 1298 815 1357 eius
834 1297 904 1374 lege
920 1317 987 1355 cum
1001 1293 1063 1354 fide
1082 1294 1275 1354 observanda
1291 1295 1335 1352 di-

204 1384 283 1442 citur
287 1384 419 1478 ,Agesis
427 1390 487 1445 637.
498 1371 721 1484 ξυνώμοσαν
686 1403 743 1460 μορ
758 1375 840 1452 ὅντες
856 1379 989 1478 ἔχθιστοι
1003 1399 1036 1437 το
1028 1368 1123 1478 πρὶν
1134 1381 1195 1452 πῦρ
1211 1401 1263 1438 και
1254 1371 1335 1438 θό-

204 1465 354 1566 λρισσαταλ
376 1485 414 1524 τα
426 1458 507 1524 πίστ’
524 1459 674 1542 ἐδειξάτην
689 1466 849 1546 φθείροντε
870 1455 921 1524 τόν
937 1460 1081 1562 δύστηνον
1096 1454 1236 1568 Ἀργείων
1250 1482 1336 1561 στρρι-

201 1547 262 1609 τόν.
292 1553 380 1611 Eum.
397 1561 457 1614 645
476 1546 527 1608 καλ
546 1543 613 1609 τόθ’
632 1550 744 1624 αἰανῶς
759 1549 841 1628 μένοι
857 1547 987 1628 στέργειν
1001 1539 1038 1608 ccl
1053 1542 1143 1609 πιστα
1158 1547 1251 1608 τῶνδε
1266 1569 1335 1620 τους

202 1628 389 1734 ἐπισπόρους.
421 1636 470 1695 Ne
485 1637 562 1695 mult
550 1645 581 1694 ta
588 1658 672 1716 ‚pro
691 1633 805 1714 γένοιτο
820 1635 919 1696 scribe
941 1632 1101 1712 τέμοιτο.
1130 1635 1193 1694 Not
1181 1643 1244 1692 tum
1258 1633 1336 1692 illud

202 1713 289 1799 όρκια
304 1737 391 1780 πιστα
382 1710 532 1796 τέμνειν.
567 1720 704 1780 Medium
720 1721 863 1782 autemh.
881 1721 902 1781 l
918 1721 1125 1781 necessarium
1132 1718 1238 1799 ,quod
1253 1720 1335 1802 Iupi-
1369 1785 1375 1796 x

200 1816 247 1865 ter
264 1828 324 1867 non
345 1806 462 1886 pacisci
483 1805 538 1865 sed
561 1807 725 1866 conciliare
746 1805 895 1866 dicendus
919 1815 974 1865 eet.
1014 1805 1176 1884 sicigitur
1193 1795 1334 1864 Orestes.

200 1892 282 1951 Num
296 1893 413 1970 Iupiter
428 1889 593 1969 aliquando
613 1891 737 1950 tandem
752 1913 859 1952 manus
874 1889 1015 1950 iniiciet?
1041 1891 1122 1950 Num
1137 1889 1335 1968 principibus,

200 1977 231 2036 h.
248 1998 275 2037 e.
290 1976 442 2052 Aegistho
467 1985 498 2033 et
515 1974 776 2052 Clytaemnestra,
800 1976 930 2036 sublatis
952 1975 1104 2034 amicitiae
1126 1973 1234 2033 foedus
1256 1975 1336 2034 inter
1371 1993 1374 2008 ¹

200 2081 289 2136 reges
305 2069 335 2119 et
348 2059 494 2139 populum
507 2059 673 2118 conciliet?

370 2177 409 2236 V.
421 2183 483 2236 445.
501 2162 545 2232 Τα
560 2163 792 2274 μὲνμόιρρυτας
807 2171 882 2251 ἔχει,

500 2246 579 2316 τὰδ’
601 2251 688 2329 αὐτὸς
703 2247 776 2356 όρμρι
764 2258 912 2335 μαθειν.

500 2340 605 2420 πρέπει
622 2334 806 2424 δ”ακαμπτω
819 2340 900 2420 μένει
915 2335 1072 2418 καθήκειν.

201 2437 305 2502 Verba
326 2454 397 2504 sunt
423 2445 568 2504 Electrae
590 2446 755 2532 hortantis,
781 2455 816 2505 ut
837 2447 897 2505 iam
921 2445 1047 2520 auditis,
1068 2463 1148 2524 quae
1168 2443 1296 2544 indigqu
1312 2465 1334 2504 e

201 2539 296 2588 matre
317 2531 456 2609 perpessi
479 2531 553 2604 sint,
577 2528 669 2592 Orest
657 2540 703 2591 tes
725 2530 765 2590 ad
789 2531 916 2590 caedem
936 2551 968 2600 se
992 2531 1141 2608 accingat
1179 2521 1272 2588 Pro
1258 2531 1335 2612 ορμᾷ

201 2613 394 2674 scribendum
412 2613 498 2674 videt
486 2623 534 2674 tur
549 2605 696 2693 ὅρμα,
699 2616 794 2691 ,Sunt
808 2617 886 2675 haec
897 2625 932 2674 ut
944 2615 1024 2686 dixi3
1054 2624 1122 2674 caet
1125 2635 1177 2673 ere
1193 2616 1253 2673 iam
1268 2616 1334 2694 ipse

199 2700 393 2774 proficiscere
420 2697 468 2759 ut'
484 2720 667 2778 cognosces,
689 2663 781 2760 llecet
801 2711 902 2761 autem
929 2701 1000 2759 forti
1021 2701 1121 2758 animo
1142 2700 1334 2778 pervenire‘*

188 2777 287 2860 Ὅρμα
302 2785 435 2844 firmetur
453 2787 595 2865 sequenti
612 2777 769 2860 καθήκειν.

263 2904 302 2964 V.
322 2914 382 2968 493
408 2900 469 2962 Καὶ
489 2894 571 2979 τηςό’
596 2894 727 2962 όλκουσου
746 2904 882 2963 λοισθίου
906 2901 995 2999 βοῆς,
1016 2893 1124 2981 πότερ

407 2979 480 3047 iricio
493 2978 633 3059 νεοσσους
647 2976 744 3059 τοόςᾶ’
769 2978 985 3088 ἐφημένους
949 3009 1033 3084 ταφῳ

223 3095 226 3102 ·
332 3081 335 3087 ’
407 3070 533 3148 οἴκτειρε
550 3073 666 3148 θηλυν,
681 3061 854 3154 όρσενόςθ’
872 3062 948 3150 όμοῦ
961 3063 1060 3150 μόνον.

199 3170 329 3230 Inutiles
346 3173 545 3253 interpretum
561 3176 752 3236 coniecturas
768 3195 946 3234 enumerare
937 3174 1082 3274 longum
1099 3181 1160 3245 est;
1186 3176 1282 3253 quiin
1297 3196 1332 3234 eo

200 3275 303 3314 omnes
319 3276 436 3316 errasse
450 3259 594 3319 videntur
604 3259 711 3359 ‚quod
725 3250 858 3318 verbe''
838 3275 960 3337 αρσενος
974 3249 1010 3316 θ
1030 3248 1105 3336 ὅμου
1108 3269 1262 3400 tcorrupte
1277 3281 1331 3338 pu-

199 3348 310 3398 terent.
345 3341 462 3402 Vitium
482 3345 563 3402 enim
587 3345 618 3404 in
642 3337 731 3422 γόνον
752 3345 845 3417 inest,
869 3365 948 3424 quae
970 3364 1032 3402 vox
1051 3349 1120 3422 post
1145 3345 1332 3404 antecedens

199 3412 349 3498 νεοσσους,
374 3447 433 3505 quo
455 3428 606 3488 vocabulo
626 3428 709 3487 idem
724 3428 818 3486 multo
831 3430 937 3488 fortius
953 3429 1157 3505 significatur,
1172 3431 1279 3489 mirum
1301 3429 1332 3486 in

198 3508 321 3568 modum
336 3509 471 3587 languet.
498 3512 608 3592 Neque
624 3501 696 3570 ἰδὼν
712 3521 783 3590 epte
799 3533 867 3572 cum
880 3503 1008 3571 όῖκουσον
1024 3507 1207 3570 construitur
1208 3533 1332 3592 ‚neque

198 3596 267 3674 quis
281 3615 415 3675 unquam
428 3595 530 3656 dicere
546 3605 662 3695 potest:
634 3597 790 3658 tPullos
806 3606 873 3658 tuos
891 3598 1016 3656 intuitus
1034 3595 1199 3653 liberorum
1215 3605 1332 3656 tuorum

197 3681 352 3739 inisermere
388 3681 423 3741 Si
442 3702 498 3761 pro
524 3675 614 3760 μόνον
633 3682 826 3760 rescripseris
840 3675 947 3760 γόον,
970 3681 1065 3740 omnis
1081 3679 1143 3737 loci
1165 3679 1331 3740 difficultas

198 3765 299 3824 sublat
288 3775 319 3824 te
334 3765 400 3827 erit.

241 3867 279 3928 V.
295 3879 347 3932 563
360 3889 428 3948 sqq
452 3855 534 3924 Εἶθ’
553 3883 608 3926 ουν
629 3858 748 3966 ἀμείψω
765 3856 857 3963 βηλόν
872 3862 986 3964 ἕρκειον
1002 3863 1106 3962 πηλῶν

449 3942 589 4011 κόκεῖνον
603 3948 636 4012 ἐν
650 3946 806 4028 θρόνοισιν
820 3939 935 4046 εὑρήσω
950 3939 1059 4025 πατρός

448 4057 468 4111 η
454 4025 534 4096 καὶ
550 4027 649 4138 μολων
667 4031 769 4098 ἔπειτά
783 4058 834 4114 μοι
851 4023 925 4096 κατόι
939 4027 1042 4133 στόμα

447 4117 521 4199 ἔρεῑ,
544 4112 619 4220 σάφ’
637 4121 718 4198 ἴσθι,
735 4119 786 4181 καλ
801 4142 854 4180 κατ
858 4108 1165 4220 ’όφθαλμοόςβαλεῐ,

447 4195 568 4280 πρὶν
531 4197 623 4266 αυτόν
638 4207 748 4280 εἰπεῖν,
763 4195 925 4278 ποδαπός
911 4226 927 4264 o
943 4203 1039 4280 ξένος;
1056 4193 1164 4280 νεκρόν

447 4281 533 4363 θήσω
546 4282 674 4352 ποδώκει
691 4282 861 4372 περιβαλών
875 4281 1062 4368 χαλκεύματι.

197 4387 234 4445 In
256 4387 303 4445 his
323 4409 353 4448 v.
375 4397 426 4452 566
450 4401 621 4469 συνταραττο
646 4413 714 4454 esse
736 4395 825 4472 pluro
850 4393 1068 4452 demonstrent.
1110 4392 1190 4449 Nam
1216 4398 1247 4447 et
1270 4384 1334 4462 ἐρεῖ

198 4473 334 4552 ineptum
356 4481 415 4546 est,
437 4475 509 4552 quie
530 4478 729 4554 sequentihus
752 4478 876 4538 Orestes
897 4496 931 4535 se
948 4475 1131 4551 Aegisthum
1151 4475 1328 4551 priusquam
