3230 5308
335 405 353 463 2
700 403 742 454 Dc
761 400 925 453 carminibus
941 396 1101 465 Aeschyleis

336 572 420 630 chori
440 567 574 628 nondum
593 575 656 625 tam
680 566 770 624 arctis
792 564 903 622 finibus
927 560 1177 638 circumscripsit,
1200 565 1234 616 ut
1254 575 1410 636 nunqnam
1430 553 1471 614 ad

336 665 471 714 actorum
486 655 570 712 vices
588 650 780 710 sustinendas
801 648 1027 722 admitteretur3
1055 643 1223 704 nonnullae
1241 642 1321 700 enim
1343 641 1469 700 fabulae

335 749 512 819 supersunt,
538 736 699 814 inquibus
721 735 883 792 choreutae
905 733 956 790 vel
977 733 1089 810 primas
1113 728 1171 788 sibi
1193 726 1362 786 vindicant.
1399 723 1470 802 Quo

335 827 430 884 maior·
447 832 547 882 autem
567 821 650 879 chori
672 818 877 878 adactionem
892 838 979 891 usus,
999 836 1034 875 eo
1050 815 1172 893 saepius
1188 813 1353 872 carminum
1369 831 1387 868 a
1400 830 1470 888 par-

336 911 416 970 tibus
436 908 518 966 chori
544 913 732 964 cantatorum
751 905 851 962 locum
867 903 961 960 fuisse
978 908 1219 960 consentaneum
1235 907 1291 955 est.
1328 894 1470 954 Eundem

334 993 522 1073 Aeschylum
541 991 571 1048 in
588 989 741 1059 omnibus.
763 1008 843 1066 quae
867 987 906 1045 ad
932 985 1140 1045 oeconomiam
1160 982 1285 1041 fabulae
1305 981 1470 1058 pertinent,

333 1097 449 1137 summa
464 1084 529 1134 arte
545 1095 582 1132 ea
600 1082 807 1132 consectatum
823 1092 889 1130 esse
904 1072 1088 1148 reperimus,
1105 1087 1184 1148 quae
1201 1076 1231 1125 et
1245 1065 1471 1144 simplicissima

334 1171 437 1221 essent
458 1170 488 1218 et
507 1159 670 1216 maximam
695 1157 913 1235 aequalitatem
934 1154 1126 1232 praeberent.
1162 1151 1254 1212 Unde
1277 1151 1391 1208 facturn
1413 1157 1470 1224 est,

333 1256 367 1304 ut
383 1246 548 1304 carminum
562 1243 666 1300 horum
683 1243 761 1300 ratio
777 1240 898 1300 facilius
914 1238 996 1319 apud
1012 1238 1202 1318 Aeschylum
1221 1236 1352 1295 inveniri
1366 1243 1469 1314 queat,

336 1351 427 1409 quam
443 1327 524 1406 apud
540 1325 725 1405 Sophoclem
740 1335 771 1384 et
787 1323 976 1404 Euripidem.

397 1411 566 1491 Sophocles
581 1410 718 1488 partibus
740 1411 822 1469 chori
840 1417 929 1468 cantu
948 1429 981 1467 se
996 1405 1221 1484 excipientibus
1236 1403 1331 1462 multo
1347 1403 1470 1481 parcius

333 1518 435 1576 neque
455 1498 520 1556 fere
541 1515 613 1554 usus
635 1505 695 1570 est,
716 1497 777 1553 nisi
799 1496 825 1553 si
849 1501 998 1552 commata
1018 1493 1126 1552 brevia
1143 1497 1246 1549 essent
1262 1497 1293 1547 et
1307 1489 1470 1546 maximam

334 1592 451 1662 partem
467 1581 605 1639 iambicis
625 1581 757 1638 numeris
776 1575 1071 1657 componerentur¹).
1107 1575 1200 1634 Cuius
1221 1574 1266 1632 rei
1284 1593 1393 1632 caussa
1408 1593 1470 1630 non

334 1668 478 1726 salumin
498 1665 581 1724 chori
595 1685 653 1722 usn
675 1685 693 1723 a
708 1664 862 1744 Sophocle
878 1664 989 1721 arctius
1012 1662 1137 1721 definito
1153 1660 1290 1739 ponitur,
1305 1657 1360 1716 scd
1378 1657 1470 1732 longe

334 1751 546 1809 difficillimum
561 1750 655 1808 fnisse
672 1757 907 1808 consentaneum
926 1757 971 1806 est
987 1757 1030 1806 tot
1045 1755 1186 1805 cantores
1200 1743 1327 1820 reperiri
1346 1749 1377 1800 et
1398 1741 1470 1799 edo-

336 1837 413 1908 ceri,
440 1835 493 1913 qui
514 1834 627 1911 singuli
650 1835 856 1911 agonistarum
881 1852 1006 1891 munere
1029 1833 1238 1908 fungerentur.
1279 1826 1341 1887 Sed
1366 1826 1470 1884 multis

338 1921 425 1978 annis
440 1919 608 1977 interiectis
623 1937 716 1996 quum
731 1917 897 1997 Sophocles
913 1919 972 1975 iam
994 1917 1025 1975 in
1041 1923 1199 1975 senectute
1213 1919 1395 1986 versaretur,
1417 1910 1469 1968 de·
1490 1934 1501 1954 ·

334 2024 394 2062 nuo
412 2002 529 2062 Gallias
553 2005 724 2081 conscripta
748 2025 803 2062 sua
827 1999 979 2084 τραγῳδίᾳ
1001 1996 1223 2079 γραμματικῇ’)
1247 2005 1353 2055 auctor
1373 1997 1470 2054 fuisse

333 2087 468 2161 videtur,
485 2095 519 2144 ut
533 2089 642 2164 tragici
658 2089 792 2148 carmina
807 2088 929 2164 saepius
947 2087 1026 2144 inter
1048 2086 1210 2144 clroreutas
1227 2082 1469 2160 dispertirentur.
1487 2153 1491 2161 Δ

335 2172 429 2231 Cuius
447 2191 593 2231 canonem
610 2181 640 2230 et
656 2173 826 2251 Sophocles
849 2180 881 2230 et
896 2169 1061 2248 Euripides
1076 2172 1107 2228 in
1122 2166 1339 2248 componendis
1356 2165 1470 2242 Oedipi

334 2257 492 2335 (Colonei)
518 2265 549 2315 et
568 2256 699 2315 Medeae
720 2255 903 2316 carminibus
923 2257 1021 2315 secuti
1044 2275 1112 2313 esse
1135 2249 1338 2328 traduntur³).
1379 2249 1469 2326 Quae

335 2361 444 2398 caussa
465 2360 533 2399 esse
550 2339 688 2413 videtur,
711 2362 763 2399 cnr
782 2343 814 2400 in
832 2349 962 2419 utraque
979 2340 1085 2399 fabula
1105 2339 1202 2397 multa
1218 2337 1352 2396 carmina
1367 2356 1384 2392 a
1399 2354 1469 2413 par·

335 2425 417 2482 tibus
434 2424 519 2482 chori
535 2431 658 2481 cantata
671 2423 905 2502 reperiantur⁴).

398 2507 491 2586 Apud
509 2507 702 2586 Euripidem,
724 2529 814 2588 quem
835 2529 944 2589 saepe,
964 2515 999 2565 ut
1017 2507 1184 2583 evulgatis
1206 2513 1236 2564 et
1250 2505 1328 2563 tritis
1342 2502 1468 2562 recede·

334 2601 395 2666 ret,
413 2592 452 2650 ad
474 2593 600 2671 antiqua
621 2591 751 2652 rediisse
773 2603 906 2668 constat,
929 2593 1019 2672 plura
1041 2593 1175 2650 carmina
1195 2611 1213 2648 a
1232 2588 1369 2669 partibus
1386 2589 1469 2646 chori

337 2686 504 2752 canuntur,
528 2697 620 2756 quam
641 2676 723 2754 apud
741 2679 932 2754 Sophoclem.
965 2677 1009 2735 At
1030 2677 1089 2734 ista
1104 2697 1166 2734 non
1183 2695 1220 2733 ea
1236 2683 1301 2732 arte
1316 2693 1416 2752 neque
1433 2693 1469 2732 co

335 2763 531 2841 aequalitatis
554 2761 655 2820 studio
677 2760 834 2820 elaborata
856 2781 922 2821 esse
944 2761 1099 2833 videntur,
1125 2762 1156 2819 in
1177 2758 1258 2838 quod
1279 2758 1468 2838 Aeschylum

334 2847 460 2904 multam
482 2865 605 2922 operam
632 2844 816 2922 impendisse
839 2854 973 2921 constat3
995 2845 1077 2904 unde
1090 2846 1219 2910 ,incerta
1243 2852 1274 2902 ct
1294 2843 1398 2901 dolosa
1418 2863 1467 2902 res

337 2950 404 2989 esse
418 2927 540 2988 videtur
555 2937 734 3006 argumenta
750 2931 952 3008 investigare,
975 2929 1084 3010 quibus
1105 2931 1184 2987 ratio
1200 2949 1301 2987 eorum
1317 2937 1399 2986 certe
1414 2927 1466 2986 de·

334 3015 466 3072 finiatur.
493 3013 594 3091 Quam
606 3013 644 3072 ob
659 3033 797 3072 caussam
811 3015 1021 3092 quaestionem
1031 3014 1182 3092 Aeschyli
1196 3013 1306 3072 finibus
1322 3013 1468 3088 continui,

274 3125 277 3132 ·
336 3100 494 3177 quominus
510 3100 610 3173 fieret,
626 3107 754 3178 atquae
770 3097 893 3158 diversa
910 3107 941 3158 et
957 3099 1058 3157 aliena
1076 3107 1195 3172 essent,
1210 3107 1325 3157 temere
1342 3098 1466 3156 confun-

336 3183 489 3242 darentur.

255 3343 257 3346 Ι
397 3268 623 3346 Disputationis
651 3266 730 3327 duae
753 3275 824 3327 sunt
848 3276 961 3346 partes.
1010 3265 1047 3325 In
1074 3267 1171 3325 altera
1192 3267 1362 3346 quaeritur,
1387 3285 1466 3344 quae

335 3353 397 3412 sint
408 3351 557 3432 Aeschyli
573 3353 706 3410 carmina
721 3373 739 3410 a
756 3353 845 3411 choro
860 3373 922 3410 non
936 3352 1079 3410 universo
1095 3359 1232 3426 cantata,
1249 3359 1280 3410 et
1295 3351 1405 3430 quibus
1420 3353 1465 3409 in·

336 3437 423 3495 diciis
441 3446 679 3514 cognoscantur3
703 3439 735 3496 in
752 3438 862 3510 altera,
886 3457 946 3518 quo
965 3456 1107 3515 quaeque
1127 3435 1233 3494 ordine
1256 3444 1379 3494 cantata
1395 3436 1466 3494 sint.

333 3521 520 3581 Indiciorum
543 3541 640 3599 genus
662 3521 777 3602 duplex
799 3530 853 3581 est.
884 3522 1024 3580 Alterum
1048 3520 1087 3578 ad
1109 3528 1318 3598 argumentum
1334 3521 1468 3598 pertinet

334 3616 364 3665 et
385 3608 604 3666 sententiarum
626 3627 753 3680 nexum,
777 3608 803 3665 si
819 3606 922 3664 nullus
937 3609 990 3680 sit,
1005 3607 1065 3664 nisi
1079 3625 1211 3683 persona
1226 3613 1343 3663 mutata
1358 3605 1466 3680 fuerit3

334 3692 461 3751 alterum
491 3692 530 3751 ad
560 3713 702 3752 numeros
737 3699 767 3750 ct
800 3692 941 3750 carminis
974 3691 1241 3749 conformationem
1274 3690 1466 3769 strophicam.

334 3776 422 3852 Quae
440 3785 620 3854 argumenta
638 3797 731 3856 quum
748 3776 812 3834 fere
828 3775 975 3834 eiusmodi
990 3777 1065 3850 sint,
1086 3784 1121 3833 ut
1135 3775 1172 3834 de
1188 3775 1316 3852 singulis
1332 3773 1467 3832 nondum

335 3868 466 3933 constet,
486 3860 568 3919 unde
589 3863 793 3939 suspicionem
817 3861 914 3936 magis
935 3869 1089 3934 moveant,
1111 3880 1202 3940 quam
1224 3867 1336 3918 motam
1358 3860 1465 3917 confir·

333 3953 430 4018 ment,
450 3945 494 4002 ita
521 3945 746 4026 comprobanda
762 3953 853 4020 sunt,
874 3951 908 4004 ut
928 3964 1008 4023 quae
1029 3946 1163 4004 carmina
1186 3965 1204 4002 a
1226 3943 1364 4024 partibus
1382 3943 1467 4002 chori

404 4175 430 4241 l)
450 4177 483 4251 V.
505 4174 633 4226 Trachin.
658 4193 684 4226 v.
710 4177 762 4230 860
783 4196 842 4246 sqq.
873 4181 917 4230 Ai.
936 4196 962 4231 v.
986 4179 1037 4232 853
1063 4196 1123 4246 sqq.
1153 4179 1299 4246 Oed.,Ool.
1324 4179 1375 4231 8211
1400 4194 1461 4244 sqq.

334 4244 361 4310 2)
384 4246 425 4295 cf.
445 4246 538 4295 Herm.
558 4246 623 4296 diss.
649 4247 739 4311 degn.
758 4247 776 4296 l.
797 4251 924 4301 dialectis
947 4249 1050 4314 (opusc.
1072 4252 1104 4299 T.
1125 4251 1147 4300 Ι.
1167 4247 1360 4316 p.140sqq.).
1436 4248 1464 4309 3)

333 4315 431 4366 Athen.
450 4314 468 4363 1.
493 4315 682 4378 V11.p.276.
759 4315 787 4380 4)
807 4322 839 4368 V.
865 4319 931 4369 Oed.
953 4319 1010 4368 001.
1037 4336 1063 4370 v.
1084 4319 1132 4369 117
1152 4337 1211 4385 sqq.
1242 4319 1293 4370 208
1314 4333 1373 4384 sqq.
1412 4317 1465 4366 510

333 4402 392 4450 sqq.
412 4384 463 4435 829
482 4400 542 4448 sqq.
579 4385 612 4434 In
636 4385 730 4448 Eurip.
751 4386 824 4436 Med.
850 4393 960 4439 constat
982 4388 1015 4438 de
1040 4389 1171 4438 carminn.
1197 4405 1224 4440 v.
1246 4388 1291 4438 131
1310 4404 1370 4452 sqq.
1393 4387 1463 4437 1193

333 4469 407 4520 sqq.;
427 4453 574 4518 ambigitur
594 4453 626 4503 de
645 4452 776 4518 pluribus.
