3230 5308
518 433 521 441 ·
548 401 706 470 apartibus
723 399 799 454 chori
816 401 944 454 cantatis.
1292 395 1311 456 9

182 569 338 628 molimina
353 589 409 630 sua
423 564 642 648 suscepturi¹),
657 565 739 626 unde
751 574 837 624 tanta
853 567 890 625 ab
908 567 976 626 aliis
991 566 1080 626 aliter
1094 587 1241 647 expressa
1252 575 1312 628 tre·

181 654 314 736 pictatio,
330 664 364 714 ιιι
385 663 506 716 cantum
522 653 561 713 ad
576 653 713 730 singulos
730 652 887 712 transiisse
905 653 998 712 facile
1013 662 1170 732 appareat.

704 767 734 845 §-
758 765 787 832 3.

495 871 528 923 lte
544 869 677 939 systematis
696 885 709 922 e
726 885 763 922 ιι.
780 869 860 922 tantais
875 884 890 920 a
905 868 1001 920 minore.

247 961 362 1020 Versus
383 961 475 1020 ionici
493 981 511 1018 a
529 961 645 1018 minore
659 980 800 1019 numeros
820 958 972 1038 praebent
992 977 1120 1036 graves,
1147 959 1313 1018 concitatos

186 1064 284 1123 eoque
304 1047 475 1119 molliam,
496 1065 554 1124 que
568 1047 665 1103 'maior
682 1066 786 1104 eorum
802 1053 848 1104 cst
863 1043 1016 1102 anaclasis
1028 1041 1062 1121 4).
1097 1043 1196 1122 Quam
1215 1043 1252 1101 ob
1268 1045 1313 1102 in·

185 1129 286 1188 dolam
301 1129 340 1188 ad
356 1131 535 1190 ereticorum
551 1131 686 1188 carmina
701 1130 765 1208 apti
779 1138 849 1188 sunt
864 1129 1113 1207 harmoniamque
1131 1127 1245 1187 habent
1262 1135 1315 1186 aut

184 1215 321 1273 Ionicam
337 1223 389 1273 aut
402 1215 578 1296 Phrygiam.
611 1213 699 1290 Quae
720 1223 790 1273 sunt
812 1213 894 1294 apud
908 1213 1098 1294 Aeschylum
1119 1215 1156 1272 iis
1180 1214 1313 1272 numeris

185 1301 362 1378 composita,
378 1299 514 1358 Ionicam
525 1299 668 1358 habuisse
684 1308 920 1370 cousentaneum
936 1307 995 1372 est,
1014 1299 1142 1357 solutam
1154 1295 1178 1378 4)
1195 1306 1226 1357 ct
1239 1299 1312 1357 mol·
1398 1293 1401 1299 ¹

183 1385 258 1457 lem,
281 1403 371 1462 quam
388 1386 419 1444 in
434 1383 627 1462 tragoediam
637 1393 792 1464 receptam
806 1385 901 1444 fuisse
923 1405 939 1443 e
961 1345 1128 1443 Plutarcho
1147 1391 1267 1443 constat
1276 1379 1313 1460 ⁴.)

184 1469 254 1528 Non
274 1489 346 1527 casu
377 1470 492 1528 factum
515 1489 582 1528 esse
609 1469 687 1528 arbit
675 1478 737 1544 tror
768 1469 823 1527 hos
850 1490 992 1529 numeros
1022 1467 1105 1549 apud
1125 1467 1314 1549 Aeschylum

182 1555 371 1632 potissimum
381 1548 448 1612 in''
428 1575 465 1612 ns
481 1553 593 1612 fabulis
606 1555 750 1697 reperiri,
767 1574 845 1633 quae
862 1575 953 1634 quum
966 1555 1062 1612 multa
1077 1553 1139 1612 alia
1152 1553 1192 1610 ad
1206 1553 1314 1614 Orien·

183 1640 222 1698 tis
240 1639 404 1738 imaginem
422 1639 639 1699 referendam
631 1647 716 1698 ms
717 1648 785 1712 ut,a
806 1647 870 1697 tum
886 1659 1154 1698 veronumerosa
1155 1646 1228 1717 tque
1244 1639 1313 1697 har-

183 1725 299 1782 monias
314 1723 449 1783 habeant
437 1725 594 1806 treliquis
612 1724 725 1784 fabulis
742 1724 988 1783 etmollioreset
1002 1724 1228 1783 concitatiores
1250 1724 1310 1783 Pa·

185 1810 259 1868 riter
270 1801 534 1907 apudEuripidem
544 1810 850 1887 versusionicilonge
860 1809 1013 1888 frequent
1005 1809 1100 1868 issimi
1112 1817 1183 1867 sunt
1194 1810 1226 1866 in
1171 1809 1312 1868 t·Bac

185 1894 258 1965 chia,
275 1895 359 1952 cuius
377 1895 555 1953 choruset
520 1903 613 1974 rpse
627 1894 805 1953 mulrerrbus
817 1893 955 1953 barbarrs
972 1901 1091 1952 constat
1060 1893 1184 1954 Sed
1196 1914 1315 1966 caussa,

185 1999 237 2036 cur
255 1986 423 2058 systemata
445 1999 484 2037 ex
503 1980 562 2037 ion.
588 1999 606 2036 a
627 1981 698 2038 min
723 1999 741 2036 a
759 1979 849 2036 choro
865 1999 927 2037 non
950 1980 1096 2037 universo
1119 1977 1312 2055 canantur⁵),

167 2082 222 2138 leo
243 2063 353 2120 referri
375 2061 512 2135 videtur,
537 2062 619 2140 quod
640 2071 806 2142 systtaema
775 2051 1005 2137 ιιιὲξὸμοίων,
1021 2070 1167 2140 quaet
1122 2062 1315 2120 totaiisdem

183 2145 314 2224 pedibus
334 2144 499 2205 decurrunt
513 2147 730 2224 nequevariat
731 2147 829 2204 ionem
843 2147 938 2203 ullam
953 2145 1060 2203 admitt
1048 2154 1129 2218 ι,ιιιιι
1153 2145 1192 2202 ad
1207 2147 1315 2205 multo-

184 2251 250 2289 rum
271 2239 437 2288 concentus
461 2231 560 2288 minus
585 2231 648 2307 apti
671 2238 741 2288 sunt
748 2275 755 2303 ‚
778 2249 869 2308 quae
884 2227 1059 2287 eademt
1014 2238 1059 2288 cst
1082 2238 1316 2307 anapaestorum

184 2315 279 2388 ratio,
309 2333 384 2391 quos
401 2313 484 2372 haud
500 2315 544 2372 ita
558 2314 651 2372 facile
666 2313 757 2373 hodie
773 2315 866 2372 fuerit
885 2314 939 2393 qui
954 2334 972 2372 a
988 2314 1160 2394 coryphaeo
1177 2315 1228 2374 vel
1247 2315 1315 2376 aliis

139 2423 143 2429 ·
188 2399 341 2458 choreutis
357 2399 484 2476 siugulis
499 2401 644 2457 recitatos
659 2400 711 2458 vel
726 2408 865 2458 cantatos
882 2419 948 2458 esse
965 2397 1092 2458 dubitet.

248 2485 319 2542 Duo
337 2485 471 2542 carmina
487 2493 558 2542 sunt
573 2483 654 2562 apud
671 2484 860 2565 Aeschylum
880 2486 1055 2564 systematis
1072 2504 1111 2543 ex
1132 2485 1192 2543 ion.
1210 2505 1228 2542 a
1241 2485 1314 2542 min.

187 2569 367 2646 composita,
383 2569 514 2628 alterum
528 2577 599 2628 ante
613 2569 759 2646 paredum
773 2571 937 2628 Persarum
952 2589 982 2627 v.
998 2577 1031 2630 65
1044 2589 1124 2647 sqq„
1141 2569 1269 2626 alterum
1284 2569 1316 2625 in

187 2655 248 2714 fine
267 2655 456 2732 Supplicum.
485 2655 522 2712 In
542 2655 675 2713 carmine
690 2655 852 2714 Persarum
868 2653 927 2712 duo
946 2653 1136 2731 stropharum
1151 2653 1239 2731 paria
1253 2673 1314 2710 me·

184 2738 289 2798 sedum
310 2739 510 2814 antecedunt,
521 2749 629 2798 ‘unum
643 2741 794 2820 seqnitur,
821 2738 892 2797 inde
906 2737 999 2817 plane
1018 2745 1170 2796 mutantur
1187 2737 1316 2809 numeri,

184 2833 219 2882 ut
237 2844 350 2882 novum
368 2845 504 2898 carmen,
529 2824 623 2903 idque
640 2824 788 2902 paredum
798 2820 824 2900 4)
841 2824 978 2903 incipere
994 2831 1150 2901 appareat.
1184 2821 1313 2882 Senten-

184 2911 261 2983 tiae,
286 2929 366 3051 qutrae
382 2911 414 2968 iu
438 2909 567 2968 diversis
588 2909 719 2986 strophis
745 2910 951 2982 continentur,
974 2909 1017 2967 ita
1047 2909 1125 2967 inter
1148 2928 1181 2967 se
1202 2907 1316 2966 discre-

183 3003 309 3071 paut‚u
289 2995 371 3052 utin
388 2994 499 3052 ains
470 3015 483 3052 s
487 2995 603 3072 trophis
621 3003 760 3053 cantores
776 2995 853 3052 alios
870 2995 963 3052 fuisse
978 3013 1019 3071 pa
1021 3001 1092 3052 t.eat
1123 2993 1229 3052 Νιιιιι
1221 3015 1252 3052 1n
1268 2994 1314 3066 iis,

158 3098 264 3156 ·quae
286 3077 473 3137 antecedunt
492 3077 662 3148 mcsodum,
688 3069 843 3138 Xerxes'
835 3080 956 3137 lamiam
980 3079 1079 3136 victor
1104 3077 1263 3156 praedica
1264 3099 1314 3154 ur,

184 3163 329 3241 impetum
342 3163 503 3222 Persarum
517 3172 630 3223 vocant

514 3256 629 3363 σ’ἷμοιχον
644 3263 725 3340 stipa
741 3256 909 3363 θαλάσσης

516 3339 708 3446 ἀπρόσοιστος
722 3339 779 3426 yolo
796 3369 812 3407 ο
802 3338 958 3445 ’Περσῶν

517 3447 639 3509 svperos
653 3423 807 3510 ἀλκίφρων
820 3453 852 3491 ,τε
872 3424 949 3503 λαός.

185 3531 243 3590 His
260 3531 291 3588 in
306 3529 429 3588 mesodo
448 3531 485 3588 ab
502 3533 562 3591 alio
579 3532 733 3591 obiicitur:
759 3532 876 3609 Quidni
894 3532 1051 3590 calamitas
1074 3550 1090 3588 e
1115 3529 1183 3588 delo
1205 3530 1315 3587 divini-

185 3625 234 3675 tus
249 3615 361 3687 misso,
384 3635 474 3694 quem
495 3618 563 3694 quis
583 3616 719 3688 mortalis
741 3618 876 3694 fugeret,
899 3614 1042 3674 accidere
1063 3614 1181 3691 possit?
1208 3615 1316 3692 Usque

187 3700 227 3758 ad
244 3699 401 3758 mescdum
420 3702 520 3759 omnia
540 3699 671 3758 fiduciae
694 3701 805 3777 plena,
831 3701 917 3760 nulla
938 3699 976 3758 de
998 3698 1127 3757 victoria
1149 3697 1313 3776 dubitati03

176 3967 178 3970 .
259 3920 284 3985 1)
303 3921 466 3971 Rectissime
491 3919 574 3970 schol
597 3914 685 3966 ταῦτα
703 3908 772 3981 μετὰ
789 3907 1002 3976 adhaereretis
1020 3908 1182 3984 ἀναβοῶσιν
1200 3909 1316 3979 ἐξάιιό-

188 4003 261 4037 accon
278 3981 346 4046 τούς
368 3977 595 4052 Αίγιιιιιιοὶδοιςὸ
580 3985 711 4051 operase.
747 3987 859 4038 Falsum
877 3991 934 4050 est,
958 3987 1031 4052 quod
1050 4004 1077 4037 v.
1097 3987 1149 4038 828
1169 3993 1316 4040 nautarum

189 4057 320 4108 clamores
341 4059 466 4109 exaudiri
491 4057 615 4110 nonnulli
638 4058 817 4106 arbitrantur.
905 4055 931 4122 2)
955 4057 996 4107 cf.
1025 4056 1145 4108 Boeclrh
1172 4058 1208 4107 ad
1235 4060 1314 4109 Pind

189 4125 212 4173 I.
237 4127 270 4176 de
293 4132 347 4178 me
348 4143 383 4176 rr
404 4127 483 4177 Pind.
509 4129 527 4177 l.
551 4128 589 4176 II.
614 4142 637 4174 c.
664 4127 712 4176 IX.
784 4125 811 4190 3)
828 4117 1032 4190 Ἐκλελιιμέιιηι
1053 4131 1137 4176 vocat
1154 4127 1226 4176 Plut.
1250 4128 1314 4178 dial.

189 4188 254 4255 περὶ
273 4207 354 4256 poco.
374 4212 401 4259 p.
422 4197 472 4248 134
491 4198 532 4248 ed
554 4197 677 4246 Burette.
747 4194 866 4260 4.)Plut
885 4197 904 4246 1.
923 4196 941 4244 l.
962 4211 988 4260 p.
1007 4195 1065 4246 136.
1098 4195 1179 4257 Qui·
1171 4213 1200 4246 m
1218 4199 1313 4262 Eurip.

189 4261 306 4311 Bacchis
324 4268 389 4312 sunt
406 4265 485 4314 multi
501 4283 545 4316 vv.
559 4265 643 4313 ionici
657 4265 760 4326 amin,
780 4281 873 4316 eorum
886 4264 1033 4329 Phrygiam
1048 4263 1315 4316 harmoniamftnsse

190 4333 401 4380 consentaneum
420 4337 461 4382 est
485 4335 520 4383 ad
538 4334 678 4383 trieterica
696 4338 799 4397 aptam.
871 4333 898 4398 5)
919 4334 960 4383 ef.
979 4335 1072 4383 Herm.
1092 4334 1184 4382 Praei.
1205 4334 1241 4382 ad
1260 4335 1315 4383 Ειι-

188 4415 242 4518 1·ιῖρέ
235 4398 354 4464 Suppl.
373 4415 399 4462 p.
419 4402 522 4452 XVIII.
539 4402 581 4451 El.
601 4405 678 4451 metr.
699 4418 724 4466 p.
746 4403 805 4454 729.
887 4401 915 4467 6)
941 4401 982 4452 Cf.
1006 4403 1098 4452 Herm.
1120 4401 1162 4450 El.
1183 4405 1259 4450 metr.
1286 4418 1313 4465 p.

189 4470 204 4518 7
259 4483 299 4532 sq.
