3254 5304
301 437 361 498 126
464 441 715 494 Coniectaneorum
730 442 757 493 in
780 439 909 509 Aeschyli
925 441 1071 511 Supplices
1088 461 1153 512 pars
1169 443 1265 496 altera.

359 607 413 666 Vs
429 615 480 669 694
497 627 562 707 sqq.

505 679 742 749 Ικεταόόκου
707 711 765 790 μμρ
778 678 896 764 τιῙσδ”
880 679 939 749 από
954 690 1068 765 σκοπῆς
1082 680 1144 766 ὁρῶ

507 765 547 833 Τὸ
562 777 673 833 πλοῖον.
702 768 830 852 εόσημον
844 764 901 853 γάρ
921 767 957 834 οὔ
978 767 1190 873 μελανθάνει·

505 856 636 936 Στολμοί
650 879 681 916 τε
697 861 823 936 λαίφους
838 881 887 918 και
879 853 1105 963 παραῤῥάσεις
1119 851 1211 961 cepio,

504 941 563 1002 Καὶ
578 943 683 1044 πρῶρα
698 938 831 1024 πρόσθεν
841 936 972 1044 όμμασιν
985 937 1128 1021 βλέπουσ’
1148 935 1235 1020 ὁδόν,

506 1026 620 1099 Οἴακος
634 1019 821 1131 εὐθυντῆρος
835 1019 962 1129 ὖστάτομ
976 1022 1050 1127 νεμίς

500 1103 599 1192 Ἀμαν
614 1114 711 1186 καλως
726 1103 902 1193 κλάουσάν
929 1103 973 1185 ὧς
994 1102 1039 1173 dv
1061 1103 1103 1172 οό
1125 1113 1222 1190 φίλη.

296 1201 335 1260 V.
351 1205 504 1277 postremo
522 1199 651 1297 vulgata
666 1221 849 1296 quamquam
862 1199 1084 1297 quodammodo
1100 1201 1249 1278 explicari
1264 1221 1303 1279 po
1305 1211 1365 1261 test
1380 1203 1432 1277 ita,

296 1294 330 1342 ut
342 1291 410 1361 post
431 1273 568 1342 verba
548 1305 587 1354 ως
608 1271 647 1339 άν
668 1305 704 1342 ου
722 1285 795 1362 φίλη
815 1286 997 1362 cogitatione
1018 1275 1103 1342 κλάοι
1120 1286 1314 1363 suppleatur,
1331 1250 1433 1346 tameii
1477 1307 1480 1312 ·

297 1370 448 1427 sententia
464 1369 555 1428 oritur
571 1370 735 1429 artificiosa
751 1371 913 1430 admodum
927 1379 958 1430 o
946 1369 1110 1430 t.obscura
1149 1371 1284 1448 Egregia
1300 1381 1346 1430 est
1361 1393 1431 1432 con-

296 1456 413 1513 iectura
429 1453 511 1512 docti
526 1453 683 1513 cuiusdam
696 1456 849 1530 Βιὶιιιιιιί,
873 1476 963 1536 quam
985 1456 1016 1514 in
1030 1455 1138 1514 Museo
1153 1455 1345 1534 Philologico
1361 1466 1413 1516 ant
1415 1478 1432 1516 e

298 1540 415 1618 aliquot
428 1558 524 1599 annos
539 1540 686 1636 legimus:

509 1622 621 1696 Οἴακος
635 1612 819 1699 ευθυντῆρος
834 1613 962 1683 ὑστάτου
977 1614 1050 1696 νεάς

501 1699 598 1788 ''Ayuv
613 1709 710 1780 καλῶς
725 1705 856 1768 κλύουσα
870 1709 1039 1787 γλωσσαν
1061 1698 1105 1766 od
1125 1707 1250 1784 φίλην.
1334 1743 1341 1756 ·

297 1797 347 1856 Ita
361 1795 499 1856 similem
512 1794 552 1852 'hi
572 1814 679 1854 versus
701 1795 864 1873 imaginem
886 1794 1001 1854 habent
989 1805 1130 1876 t,quam
1155 1794 1356 1854 antecedens:
1380 1791 1431 1852 καί

297 1881 402 1959 πρῶρα
428 1871 563 1956 πρόσθεν
593 1869 757 1956 όμμασιν
783 1875 836 1955 βλ
835 1895 913 1938 πουσ
952 1868 1040 1955 οδόν,
1065 1899 1124 1959 quo
1154 1901 1182 1938 v.
1207 1888 1292 1940 recte
1313 1881 1432 1939 notavit

298 1968 397 2029 Stanl.
417 1966 526 2025 lusisse
540 1965 688 2043 poetam
680 1986 711 2024 ιιι
728 1964 879 2024 vocabulo
894 1963 1013 2043 πράρα,
1029 1965 1118 2044 quasi
1133 1985 1172 2024 ex
1187 1965 1281 2024 verbo
1298 1963 1431 2044 προορᾶν

299 2062 394 2111 ortum
409 2053 457 2110 sit.

313 2165 326 2178 ·
361 2136 449 2215 Quae
465 2143 534 2216 post
553 2155 673 2194 versum
694 2141 747 2198 708
768 2143 898 2214 sequunt
898 2155 949 2208 ur,
964 2135 1059 2194 Woll
1077 2134 1139 2194 edit
1141 2135 1240 2194 ionem
1260 2134 1429 2212 Glasguen-

297 2243 360 2283 sem
374 2233 494 2282 secutus
508 2221 587 2280 inter
602 2219 733 2280 Chorum
748 2228 779 2279 ot
793 2221 937 2279 Danaum
952 2219 1113 2294 distribuit,
1129 2239 1208 2300 quae
1224 2221 1255 2277 in
1274 2219 1430 2279 codicibus

298 2308 433 2386 (praeter
451 2305 502 2384 R)
522 2314 587 2364 rect
589 2325 606 2364 e
575 2305 736 2364 tDanao
762 2303 836 2364 dant
824 2314 872 2364 tur
889 2307 1048 2380 universa,
1068 2304 1100 2364 id
1116 2304 1198 2384 quod
1211 2325 1286 2382 prae
1302 2306 1429 2364 caeteris

298 2401 424 2472 apparet
445 2413 485 2452 ex
506 2410 536 2450 V.
552 2397 612 2452 711.
639 2380 717 2466 ὅμως
744 2379 920 2464 άμεινον,ε
907 2353 1214 2468 είβραόόνοιμεν
1234 2389 1318 2474 βοῆ,
1340 2410 1429 2470 quem

299 2477 396 2537 Ohoro
409 2477 501 2537 tribui
515 2476 650 2553 ineptum
666 2483 720 2534 est.
743 2473 831 2534 Idem
844 2475 967 2534 Well
958 2497 990 2534 ιιι
1007 2475 1100 2553 gloss·
1116 2495 1146 2535 V.
1163 2483 1221 2538 709

502 2567 589 2646 ’Ίσως
601 2565 658 2652 γάρ
674 2596 693 2650 η
710 2567 801 2654 κάρυξ
815 2597 859 2648 τις
876 2598 895 2652 η
882 2565 1042 2652 ”πρε’σβυς
1061 2568 1146 2653 μόλοι

498 2653 604 2738 Ἀγειν
618 2656 756 2731 θέλοντες
771 2659 862 2738 ρυσί
868 2681 915 2718 ων
932 2653 1103 2740 ἐφάπτορες.

298 2751 373 2822 Τά
356 2757 444 2841 ρόσια
458 2765 637 2839 interpretat
637 2781 673 2818 ur
688 2781 756 2819 aras
771 2762 901 2821 salutem
915 2764 1088 2822 afferentes.
1119 2760 1182 2822 Sed
1197 2758 1305 2837 ῥυσίων
1321 2760 1430 2821 eodem

298 2868 388 2908 sensu
404 2848 523 2920 dicitur,
539 2865 599 2924 quo
615 2867 643 2905 v
656 2853 707 2909 407
723 2841 773 2903 καὶ
790 2837 862 2922 μηίε
879 2844 962 2926 δῆρις
978 2845 1088 2926 ῥυσίων
1048 2838 1261 2922 ωνέφάψεται,
1278 2855 1308 2905 et
1318 2845 1427 2925 Agam.

297 2918 770 3011 ι.521τουρυσίουο’ήμαρτε
1062 2969 1067 2978 -

358 3015 413 3078 Vs.
432 3023 483 3080 745
500 3034 566 3096 sqq.

505 3107 598 3176 Οάτοι
603 3119 730 3213 ταχεῖα
730 3134 871 3174 ναυτικου
886 3115 1012 3214 στρατοῦ
1027 3107 1124 3222 σιολη,

506 3189 619 3259 οάδ”
602 3221 707 3280 ορμος,
723 3189 792 3260 ουδὲ
814 3193 981 3298 πεισμάτων
996 3201 1141 3277 σωτηρίου

499 3276 601 3356 Ἐς
562 3307 619 3365 μην
635 3281 781 3364 ἐνεγκεῖν,
803 3273 867 3343 οὐδ’
889 3282 921 3344 ἒν
935 3273 1147 3363 ἀγκυρουχίαις

501 3367 656 3469 Θαρσοῦσι
671 3369 753 3430 ναῶν
768 3366 912 3467 ποιμένες
919 3369 1113 3467 παραυτίκα,

501 3445 618 3526 ’Ἄλλως
635 3475 665 3514 τε
677 3477 731 3553 μαι
722 3443 887 3532 μολόντες
896 3441 1034 3553 άλίμενον
1053 3446 1159 3531 χθόνα.

500 3527 552 3638 Ἐς
566 3528 651 3600 νύκτ’
668 3529 890 3638 ἀποστείχοντος
905 3529 1000 3637 ἡλίου,
1017 3541 1101 3614 φιλεῖ

500 3612 607 3684 ’milvo
621 3625 802 3698 ιίκτεινξ
748 3647 786 3684 νυ
787 3616 989 3707 ξκυβερνήτη
1002 3624 1095 3705 σοφῷ

295 3690 411 3788 Horum
431 3747 574 3787 versuum
595 3748 657 3787 non
676 3727 772 3786 solum
792 3725 944 3787 secundus
962 3717 1116 3805 corruptus
1132 3732 1194 3796 ost,
1216 3721 1271 3782 sed
1286 3741 1325 3780 ne
1339 3721 1427 3780 tertio

297 3808 448 3892 quidem
434 3816 565 3890 ενεμκεῖν
580 3812 643 3871 ullo
654 3811 787 3871 modot
760 3821 787 3872 st
789 3832 841 3872 are
859 3819 969 3889 potest
999 3811 1042 3869 Et
1058 3768 1194 3870 socundd
1206 3805 1351 3882 σωτηρίου
1366 3825 1427 3863 me

295 3897 404 3954 liorum
418 3896 561 3956 librorum
572 3896 674 3972 lectio,
689 3917 744 3974 pro
761 3917 820 3976 quo
832 3897 925 3973 vulgo
939 3893 1068 3972 σωτηρία
1080 3915 1120 3953 ex
1130 3881 1169 3953 Τ
1184 3893 1284 3952 textui
1298 3891 1367 3949 illat
1355 3899 1426 3948 ι.ιιιιι

295 3980 439 4038 Fortasse
456 3981 540 4040 locus
555 3981 661 4039 huno
653 4001 685 4038 ιιι
700 3981 823 4040 modum
839 3979 1033 4040 scribendus.

504 4069 596 4138 Οότοι
600 4083 711 4176 ταχεῖα
727 4079 869 4179 ναυτικοῦ
883 4079 1008 4154 στρατοῦ
1021 4071 1125 4154 στολή,

402 4195 404 4200 v
506 4150 616 4222 0όὸ”
600 4183 702 4264 ορμος,
724 4185 765 4222 ου
789 4163 848 4223 det
867 4157 1046 4263 πεισμάτων
1051 4163 1213 4242 σωτηρίου,

505 4234 554 4317 Ἐς
568 4251 680 4324 γαῖαν
702 4243 830 4306 ἐλθεῖν
852 4237 880 4307 il’
897 4236 963 4308 οὔδ’
982 4245 1013 4306 ἐν
1030 4236 1239 4327 άμκυρουχίαις

507 4330 655 4404 Θαρσοῦσι
669 4351 751 4438 ναιμν
765 4331 906 4430 ποιμένες
917 4333 1103 4432 παραυτίκα,

498 4406 614 4486 Ἀλλως
629 4436 658 4474 τε
673 4437 724 4475 και
716 4409 876 4496 μολόντες
890 4406 1029 4516 άλίμενον
1044 4411 1157 4494 χθόνα,

503 4487 552 4572 Ἐς
566 4491 641 4560 νόκτ
644 4488 899 4580 ’άποσιείχοντυς
906 4491 997 4580 ηλίου.
1032 4504 1122 4562 Φιλεῖ

1524 3147 1534 3170 -
1617 2907 1622 3104 l
