3254 5304
360 457 607 525 Coniectaneorum
630 469 658 521 in
679 466 808 534 Aeschyli
824 466 969 535 Supplices
984 483 1049 535 pars
1071 465 1166 518 alteru.
1270 457 1328 517 125

196 647 356 716 appareat,
377 637 459 697 baud
481 639 524 696 its
542 636 635 695 facile
652 635 793 712 cuiquam
807 631 1014 710 persuadebit.
1044 635 1145 692 Locus
1161 629 1330 690 restituitur

196 723 302 781 ordine
330 722 456 782 duorum
484 723 591 780 horum
617 739 760 779 versuum
789 716 897 776 eodem
918 728 1013 775 metro
1036 717 1258 776 decurrentium
1284 716 1328 773 in-

194 828 302 866 verso:

183 895 185 899 ’
465 894 525 964 Τόν
541 893 726 999 ξίνιονιλΗ
710 899 875 1000 οπὲρτατον

458 990 549 1080 Ζῆνα
570 978 633 1067 μέγ’
651 1009 685 1046 ευ
673 969 864 1088 σεβόντων,

458 1065 514 1144 Ος
529 1073 625 1157 πολιῷ
637 1065 720 1156 νόμηι
736 1065 823 1131 αἶσαν
841 1065 939 1150 ὀρθοῖ.

130 1255 133 1260 ,
197 1189 289 1269 Quod
311 1201 342 1251 et
356 1191 515 1252 verborum
532 1201 683 1252 structura
697 1192 833 1265 iubetur,
855 1199 886 1249 et
899 1197 1010 1261 metro
1025 1209 1064 1247 ne
1082 1189 1112 1246 in
1128 1189 1188 1247 fine
1203 1189 1330 1249 secundi

195 1297 301 1337 versus
325 1266 515 1356 (ὑπέρτατον)
534 1279 574 1336 sit
594 1277 809 1357 dactylus-
835 1276 874 1334 In
895 1293 986 1333 versu
1010 1273 1163 1351 stropbico
1189 1295 1250 1337 una
1269 1295 1329 1334 vox

195 1362 364 1420 intercidit:

463 1449 554 1536 Μηὸ
581 1457 748 1538 ἐπιχωρίοις
764 1459 805 1502 **

463 1538 625 1622 Πτώμασιν
646 1544 796 1622 αἱματίσαι
814 1541 958 1606 πέδον
919 1565 974 1621 γας
993 1564 1059 1625 sqq.

194 1649 296 1750 Vulgo
320 1650 465 1728 supplent
489 1668 556 1707 cum
578 1647 714 1708 Heathio
737 1645 823 1726 ἔρις.
855 1649 999 1710 Fortasse
1020 1657 1120 1723 ιοολο,
1142 1645 1198 1707 sed
1215 1648 1329 1726 signifi-

196 1737 313 1812 cantius
336 1733 518 1794 vocabulum
539 1752 688 1812 reponere
707 1734 796 1794 nobis
812 1733 967 1810 videmur,
989 1726 1120 1804 στάσις
1141 1734 1329 1812 supplentes

194 1821 231 1880 In
245 1841 322 1880 voce
336 1835 436 1890 στασις
452 1819 532 1878 enim
547 1820 680 1896 apertior
693 1819 770 1878 belli
786 1820 886 1880 civilis
899 1821 983 1880 notio
992 1819 1145 1900 „quodh
1162 1819 1183 1878 1.
1201 1828 1329 1878 externo

193 1905 291 1980 bello,
308 1905 346 1965 de
361 1924 420 1984 quo
434 1905 466 1962 in
480 1903 679 1982 sequentibus
694 1925 792 1964 sermo
809 1914 868 1980 est,
896 1906 1067 2003 opponitur.
1097 1905 1140 1962 Et
1154 1903 1329 1982 Aeschylus

196 1951 319 2064 eadem,
343 2009 404 2072 qua
420 1989 477 2048 hoc
495 1989 579 2061 loco,
602 1990 718 2049 ratione
738 2010 830 2049 voces
851 1953 953 2066 λοιμός
970 1999 1000 2048 et
1013 2005 1113 2059 στασις
1128 1989 1229 2048 iunxit
1242 1989 1327 2048 Pers.

194 2096 223 2133 v.
239 2083 302 2138 701

282 2173 349 2234 Τίνι
367 2165 481 2257 toringam
504 2172 637 2250 λοιμοῦ
657 2195 701 2247 τις
715 2158 792 2250 ἦλθε
812 2163 942 2251 σκηπτὸς
958 2162 978 2250 ἢ
993 2190 1124 2245 στασις
1139 2167 1237 2250 adim
1304 2176 1308 2184 '

259 2277 314 2338 Vs.
336 2287 388 2341 679
403 2296 470 2356 sqq.

465 2361 660 2434 Φαλασσοιτ
678 2362 796 2474 ατιμίμς
810 2367 897 2452 τιμοὲς

466 2449 507 2518 Td
524 2451 648 2559 δήμιον,
662 2450 696 2520 sd
711 2450 815 2519 πτόλιν
834 2455 983 2560 κρατύνει

461 2535 646 2688 Προμαίθεῦς
665 2535 872 2643 ευκοινόμητις
886 2569 977 2627 αρχα·

463 2625 582 2710 Ξένοισί
597 2620 625 2688 τ’
642 2619 843 2729 εὐξυμβόλους

503 2701 585 2794 Πρὶν
603 2711 762 2786 ἐξοπλίζειν
772 2706 870 2813 Ἄρη,

509 2791 639 2871 Δίκας’
620 2820 688 2879 ατιρ
704 2820 848 2878 πηματων
862 2798 982 2861 διδοῖεν.

195 2903 282 2962 Libri
298 2903 375 2962 nihil
389 2903 454 2961 fere
470 2900 598 2962 subsidii
612 2902 776 2980 praebent,
799 2924 871 2962 nam
886 2902 967 2983 quod
982 2904 1063 2981 Reg.
1078 2904 1115 2963 L.
1134 2925 1189 2984 pro
1211 2891 1329 3002 ἆτιμίας

195 2987 288 3046 habet
303 2975 464 3083 ἆοφαλίας,
480 2983 512 3044 id
528 2986 736 3063 glossemate
728 2990 885 3066 irrepsisse
902 3009 941 3048 ex
956 2988 1050 3048 schol.
1069 3000 1197 3069 apparet
1211 2981 1329 3068 ατιμίας

197 3072 373 3149 explicante
393 3059 561 3144 ασφαλείας.
598 3070 661 3130 Sed
686 3071 770 3131 aliud
791 3073 928 3134 scholion
946 3093 1040 3132 verae
1062 3073 1204 3135 lectionis
1222 3085 1329 3180 aperte

95 3159 108 3184 '
196 3157 329 3233 vestigia
345 3154 455 3213 habet:
481 3146 632 3212 Φυλασσοι
648 3146 722 3235 τε]’
705 3177 815 3233 αμετακ
818 3156 933 3253 ίνητοι
927 3150 1039 3216 slev’
1002 3161 1102 3228 αυτοῖς
1116 3159 1153 3218 αί
1162 3159 1252 3236 τιμαί.
1277 3161 1328 3218 Ex

197 3261 234 3299 ea
261 3239 466 3319 explicatione
491 3237 648 3317 probabile
674 3261 728 3320 pro
754 3251 891 3320 corrupto
916 3229 1034 3318 ἆτιμίας
1059 3245 1203 3322 scriptum
1230 3245 1326 3304 fuisse

195 3312 384 3404 ἀτρεμεῖς,
399 3343 520 3383 versum
535 3331 636 3382 autem
653 3324 734 3386 hunc
748 3326 839 3384 fere
831 3346 862 3384 ιο
876 3325 999 3386 modum
1012 3326 1177 3404 legendum
1192 3350 1273 3390 esse·

465 3413 661 3484 Φνλασσοιντ’
684 3412 857 3505 ατρεμεῖς
878 3421 910 3486 δὲ
924 3425 1016 3504 τιμαί.

195 3528 298 3588 Etiam
314 3528 475 3606 sequentia
487 3527 623 3586 turbata
616 3546 739 3607 ,neque
755 3529 836 3587 enim
849 3547 957 3588 sensus
972 3548 1063 3589 sanus
1075 3549 1176 3610 neque
1190 3538 1327 3602 metrum,

195 3635 287 3694 quum
308 3633 415 3694 parum
437 3611 596 3691 probabile
617 3612 658 3670 sit
682 3613 840 3690 scripsisse
860 3612 1049 3727 Aeschylum
1074 3614 1167 3673 talem
1190 3634 1326 3702 versum:

466 3701 648 3792 Προμαθεῦς
665 3701 871 3789 εὐκοινόμητις
892 3704 976 3794 ἆρχα.

194 3816 238 3874 Et
249 3813 391 3894 displicet
404 3814 565 3913 productio
575 3805 747 3874 articuli'
711 3834 754 3872 το.
775 3814 974 3874 Videturt
922 3824 974 3874 aut
976 3836 1023 3876 em
1038 3818 1133 3876 omnis
1149 3815 1328 3897 depravatio

196 3882 531 4046 {pppeqrppmquod
497 3920 531 3959 εν
549 3901 581 3960 in
601 3899 714 3959 falsum
733 3917 854 3960 versum
877 3900 1031 3962 detrusum
1049 3910 1111 3976 est,
1133 3922 1193 3982 qua
1208 3903 1327 3962 ratione

465 4073 695 4146 Φυλασσοιντ”
668 4088 830 4184 ατρεμεῖς
828 4081 859 4148 δὲ
875 4087 962 4166 τιμαί.

465 4164 507 4228 Τὸ
523 4159 676 4250 δημιον
648 4193 664 4230 τ
699 4192 739 4231 εο
761 4163 895 4231 πτολιν
917 4193 1104 4276 κρατονοι.

464 4251 645 4332 Προμαθενς
666 4277 704 4316 τε
726 4248 895 4334 κοινόμητις
916 4250 999 4338 ἆρχα

168 4371 171 4376 ·
197 4347 330 4409 Primam
350 4352 435 4410 vocis
456 4341 660 4456 εὐκοινόμητις
680 4360 855 4459 syllabam
854 4379 956 4438 nsque
972 4362 1139 4420 scholiasta
1156 4356 1312 4435 legisse
1282 4377 1326 4414 vr-

199 4434 295 4506 detnr,
312 4436 364 4513 qui
380 4436 422 4493 ita
434 4434 588 4495 scribit‘
554 4461 587 4533 η
602 4463 659 4538 γαρ
676 4431 752 4520 ἆρχη
766 4431 827 4502 απὸ
842 4444 901 4502 τῶν
918 4445 1029 4503 κοινῶν
1041 4429 1308 4521 προνοουμένη,
1273 4459 1328 4512 την

196 4539 228 4578 τε
242 4510 346 4577 πτόλιν
362 4506 460 4578 καί
430 4537 462 4576 το
477 4510 582 4578 κοινὸν
596 4516 686 4593 ανξει.
