3246 5328
672 408 713 459 De
730 403 857 474 Aeschyli
873 402 1083 474 Agamemnone.

395 576 568 657 Expositis,
588 593 667 654 quae
689 571 728 632 de
744 591 828 632 nexu
845 571 934 650 primi
956 571 1096 631 carminis
1117 574 1271 632 monenda
1293 574 1441 634 videban-

309 673 371 736 tur,
395 665 571 741 priusquam
599 658 638 716 ad
660 658 703 716 alt
691 666 790 716 terum
811 675 933 715 carmen
955 666 1122 730 transeam,
1145 677 1208 716 non
1235 657 1273 716 ab
1294 680 1328 717 re
1349 660 1442 719 fuerit

309 749 457 808 nonnulla
479 744 608 816 adder,e
626 741 735 822 quibus
751 740 825 821 quid
839 741 945 800 chorus
964 741 1002 800 de
1018 742 1248 819 Agamemnone
1272 752 1303 802 et
1315 743 1440 822 Clytae-

309 841 443 890 mnestra
468 838 498 889 et
526 836 597 886 ante
621 828 685 885 fact
673 835 734 885 tam
760 825 887 886 caedem
911 833 942 884 et
956 835 1024 905 post
1012 825 1173 884 tcaedem
1189 839 1348 927 peractam
1364 829 1442 900 iudi-¹

311 925 374 989 cet,
395 916 571 974 illustretur.
618 911 718 990 Quo
709 933 741 970 ιιι
761 911 1022 988 Agamemnonem
1043 911 1151 969 chorus
1172 912 1213 970 sit
1237 914 1351 987 animo,
1374 915 1440 992 ipse

308 999 476 1060 revertenti
504 996 612 1056 victori
641 1005 746 1076 aperte
774 1003 805 1054 et
830 996 962 1072 ingenue
988 997 1031 1056 ita
1050 997 1222 1073 profitetur,
1244 1005 1278 1055 ut
1298 1007 1441 1077 suscepta

308 1093 396 1164 propt
399 1104 430 1143 er
384 1083 601 1142 tHelenam
620 1080 830 1178 expeditione
832 1100 900 1138 eum
918 1080 1010 1139 corde
1026 1100 1079 1139 suo
1096 1101 1162 1139 oum
1178 1081 1260 1139 mala
1273 1085 1372 1159 gratia
1389 1084 1440 1142 de·
1485 1151 1489 1160 ⁸

308 1172 372 1268 pict
374 1189 424 1227 um
428 1166 555 1226 fuisse
558 1165 601 1243 (v.
622 1173 685 1228 775.
702 1152 793 1241 Kolar’
813 1147 1022 1239 ἀπομούσως
1003 1167 1086 1238 ησθα
1103 1161 1324 1244 γεγραμμένος),
1339 1188 1441 1248 neque

309 1255 383 1314 satis
406 1254 481 1311 scite
506 1249 745 1328 gubernaculum
768 1249 876 1307 mentis
891 1269 999 1328 regere
1014 1251 1112 1309 visum
1130 1270 1212 1310 esse·
1205 1260 1303 1328 ,post
1317 1253 1440 1312 felicem

309 1339 385 1397 belli
399 1345 491 1396 event
493 1357 541 1393 um
558 1343 659 1393 autem
677 1355 710 1394 se
726 1335 844 1392 sincere
860 1332 1042 1393 benevolum
1056 1345 1193 1394 testetur.
1222 1336 1299 1394 Inde
1315 1357 1440 1395 consen-

309 1434 434 1483 taneum
460 1429 506 1479 est
524 1421 556 1477 in
579 1418 776 1492 carminibus,
803 1416 913 1497 quibus
929 1419 967 1478 de
982 1420 1076 1477 Troia
1093 1429 1184 1498 capta
1201 1421 1290 1479 choro
1306 1421 1441 1480 nondum

274 1567 278 1576 ,
310 1525 489 1586 persuasum
504 1505 557 1578 sit,
579 1503 698 1563 eiusde
719 1503 950 1580 Agamemnone
970 1503 1084 1564 iudicia
1101 1524 1163 1564 non
1184 1525 1272 1584 posse
1287 1525 1348 1564 non
1365 1506 1440 1564 mul-

309 1602 373 1653 tum
389 1591 551 1650 abhorrere
564 1610 582 1648 a
599 1589 721 1648 summis
737 1588 798 1646 illis
811 1587 918 1647 studiis
934 1597 964 1647 at
978 1587 1130 1648 benevola
1142 1590 1351 1664 miseratione,
1375 1591 1439 1669 qui-

310 1677 366 1736 bus
388 1675 513 1751 indigne
537 1675 669 1732 occisum
692 1673 895 1752 prosequitur.
940 1673 1104 1751 Sapienter
1125 1683 1225 1733 autern
1247 1674 1306 1732 hoc
1321 1675 1439 1734 institu-

309 1772 373 1820 tum
395 1770 441 1818 est
463 1758 501 1816 ab
522 1757 695 1836 Aeschylo,
721 1755 804 1816 unde
826 1777 905 1835 quae
928 1756 1051 1817 diversa
1074 1778 1142 1816 esse
1161 1758 1338 1833 videantur,
1360 1759 1440 1818 bene

311 1844 526 1919 concilientur3
552 1844 676 1901 chorum
697 1841 843 1900 habemus
864 1841 987 1901 fidelem
1002 1845 1067 1920 regi
1082 1863 1136 1902 suo
1154 1843 1345 1922 eundemque
1362 1843 1439 1902 divi-

309 1949 369 1989 nae
387 1929 521 1988 iustitiae
535 1926 690 1986 vindicem
708 1936 739 1985 et
759 1926 871 1983 malum
886 1927 969 2004 regis
985 1927 1105 1986 facinus
1120 1948 1235 1987 summo
1249 1928 1371 1986 horrore
1387 1929 1439 1987 de-

309 2023 487 2088 testantem
503 2012 649 2070 habemus
666 2012 757 2070 etiam
774 2010 880 2088 populi
894 2025 1027 2070 rumores
1044 2012 1129 2071 etde
1149 2010 1380 2089 Agamemnone
1395 2014 1438 2071 iu-

310 2099 392 2157 dicia
407 2098 446 2156 ad
461 2099 566 2156 vivum
585 2115 747 2174 expressa,
766 2095 837 2154 vivo
853 2097 938 2168 irati,
954 2096 1105 2156 sublatum
1125 2097 1286 2171 exoculis,
1301 2109 1440 2178 quaeest

309 2183 434 2241 humani
449 2181 554 2240 iudicii
572 2180 793 2254 inconstantia,
811 2183 985 2259 quaerentis
1001 2181 1117 2240 invide.
1149 2180 1225 2239 Cum
1240 2191 1341 2242 autem
1357 2183 1440 2241 chori

311 2267 444 2326 detristi
467 2265 706 2342 Agamemnonis
727 2264 792 2322 fato
814 2265 1047 2325 lamentationes
1069 2285 1135 2323 cum
1150 2275 1236 2324 tanta
1254 2269 1285 2324 vi
1301 2277 1332 2326 et
1347 2267 1439 2325 vehe-

308 2353 424 2409 mentia
441 2351 644 2427 proferantur,
660 2358 693 2406 ut
710 2368 778 2408 eum
794 2369 910 2408 summa
925 2351 956 2408 in
972 2351 1148 2409 defunctum
1162 2351 1277 2428 pietate
1292 2362 1323 2410 et
1338 2372 1439 2410 amore

310 2434 484 2493 obstrictum
508 2443 554 2492 ost
542 2431 686 2504 t‚endant
711 2443 829 2505 contra,
856 2436 992 2514 quaein
1017 2433 1268 2494 antecedentibus
1292 2441 1380 2495 secus
1401 2435 1439 2495 de
1479 2465 1483 2472 ⁴

308 2509 541 2597 Agamem‘none
562 2515 692 2590 iudicat,
715 2527 838 2596 propter
859 2520 998 2578 timorem
1015 2529 1045 2577 et
1062 2520 1264 2577 reverentiam
1277 2521 1374 2598 magis
1389 2521 1439 2580 ob-

309 2625 397 2664 scure
424 2604 611 2680 significata,
640 2621 731 2682 quam
757 2602 870 2680 apertis
832 2603 997 2662 tverbis
1025 2623 1171 2680 expressa
1199 2605 1273 2680 sint;
1307 2605 1439 2684 denique

310 2693 400 2768 qur'rm
421 2690 488 2766 ipsa
507 2685 699 2758 sollicitudo,
718 2707 779 2765 qua
799 2687 907 2746 chorus
920 2689 952 2746 in
969 2687 1118 2766 prioribus
1137 2651 1318 2747 carminibus
1335 2691 1438 2749 confli-

310 2783 408 2832 ctatur
423 2773 585 2850 timetque,
611 2789 651 2828 ne
671 2771 753 2826 mala
768 2769 992 2846 Agamemnoni
1011 2773 1062 2831 'vel
1082 2772 1182 2830 domui
1204 2774 1268 2831 eius
1285 2776 1438 2846 eveniant,

308 2855 493 2914 benevolum
508 2856 540 2912 in
555 2874 623 2912 eum
637 2853 769 2911 animum
784 2863 927 2931 testetur3
950 2858 996 2916 his
1013 2855 1051 2914 de
1067 2859 1182 2915 caussis
1198 2857 1312 2915 factum
1329 2867 1389 2930 est,
1405 2868 1439 2917 ut

311 2938 459 3012 editores,
475 2939 527 3018 qui
542 2939 665 2996 chorum
679 2946 772 2996 toturn
789 2959 856 2998 esse
873 2943 953 3019 regis
969 2941 1028 3001 sibi
1043 2942 1271 3019 persuasissent,
1291 2942 1439 3000 nonnulla

310 3023 503 3083 acerbissime
525 3023 556 3080 in
571 3022 831 3098 Agamemnonem
848 3025 880 3082 in
896 3024 1012 3085 duobus
1027 3025 1175 3104 prioribus
1194 3026 1375 3086 carminibus
1393 3026 1438 3084 di-

310 3116 360 3166 cta
374 3109 427 3166 vix
444 3109 518 3166 satis
540 3116 624 3165 recte
642 3106 862 3166 intellexerint.

373 3191 637 3271 Clytaemnestrae
664 3210 731 3248 cum
754 3191 903 3268 Aegistho
925 3192 1174 3252 consuetudinem
1196 3194 1287 3253 choro
1307 3216 1369 3254 non
1393 3195 1438 3253 in-

309 3279 461 3354 cognitam
477 3277 570 3334 fuisse
593 3294 631 3334 ex
647 3275 703 3346 iis,
728 3295 807 3353 quae
824 3275 973 3354 Aegistho
993 3279 1024 3336 in
1038 3279 1100 3336 fine
1120 3277 1244 3336 fabulae
1266 3279 1438 3357 exprobrat,

308 3361 503 3439 intelligitur3
526 3381 593 3418 curn
616 3358 862 3438 Clytaemnestra
884 3363 964 3420 enim
985 3381 1023 3420 ea
1044 3361 1130 3420 dere
1152 3365 1347 3440 expostulare
1370 3383 1438 3421 eum

307 3446 495 3506 verecundia
510 3455 605 3504 vetat.
638 3444 735 3521 Igitur
752 3445 850 3518 iniis,
866 3465 945 3528 quae
962 3446 1040 3504 inter
1052 3445 1174 3504 chorum
1192 3456 1223 3504 et
1242 3445 1437 3526 Clytaemne-

306 3542 399 3590 stram
419 3530 626 3605 intercedunt,
653 3529 737 3587 illum
758 3529 847 3588 modo
866 3539 1058 3589 reverentem
1072 3532 1212 3608 reginae,
1233 3531 1321 3588 modo
1340 3530 1435 3605 suspi-

307 3618 420 3675 ciosum
444 3626 474 3675 et
489 3616 624 3674 mulieris
643 3614 761 3692 imperii
778 3615 1000 3692 impatientem,
1024 3613 1104 3671 hanc
1118 3615 1242 3671 nimiam
1259 3613 1436 3689 dignitatem

305 3701 500 3760 affectantem
523 3709 553 3758 et
577 3699 629 3757 ubi
655 3698 810 3756 levissima
832 3716 973 3777 quaeque
995 3717 1014 3754 a
1038 3697 1128 3755 choro
1149 3715 1235 3756 secus
1259 3706 1349 3773 atque
1369 3695 1436 3771 ipsa

305 3784 381 3842 velit
394 3784 475 3842 dicta
492 3784 657 3853 existimet,
673 3800 785 3856 magna
800 3801 867 3839 cum
882 3780 1024 3860 superbia
1042 3790 1134 3858 atque
1149 3778 1313 3837 acerbitate
1330 3797 1363 3834 se
1383 3797 1435 3853 ge-

258 3867 262 3877 '
303 3876 423 3924 rentem
444 3867 583 3925 videmus
627 3863 731 3922 Finito
757 3865 853 3940 primo
881 3865 1015 3923 carmine
1043 3863 1151 3919 chorus
1172 3861 1435 3938 Clytaenrnestrae

303 3950 510 4007 reverentiam
534 3967 618 4006 suam
638 3957 780 4019 testatur,
804 3948 859 4005 sed
881 3948 967 4044 quasi
988 3964 1152 4017 excusans,
1175 3944 1257 4023 quod
1278 3945 1435 4004 mulierem

303 4041 489 4102 revereatur,
504 4032 570 4087 viro
585 4050 659 4104 rege
677 4021 1066 4105 (ἐρημωθέντοςᾶρσενος
1080 4021 1208 4105 θρονου)
1217 4029 1344 4088 absente
1359 4049 1435 4088 uxo-

303 4113 450 4171 remeius
472 4131 606 4170 reveren
598 4112 669 4168 fas
688 4131 754 4168 esse
772 4112 866 4172 addit.
910 4113 993 4170 Dein
1006 4113 1121 4214 pergit:

511 4182 558 4252 Σὺ
574 4183 649 4249 d’''
617 4213 677 4251 ειτε
693 4184 799 4251 κεδνὸν
815 4193 874 4254 εἴτε
889 4215 929 4270 μη
950 4192 1140 4271 πεπυσμένη,

512 4268 726 4374 Εὗομγγέλοισιν
742 4273 857 4336 ἐλπίσιν
871 4281 1051 4378 θμηπολεῖς,

635 4348 681 4377 ’'li
737 4350 752 4374 11

513 4353 630 4436 Κλυοιμ
663 4381 702 4417 αν
717 4380 855 4435 ευφρων,
874 4354 943 4422 οὐδὲ
959 4356 1072 4444 σιγώσῃ
1087 4353 1211 4437 φθόνος

304 4447 393 4524 Quae
410 4465 635 4528 quamquam
607 4447 673 4505 sine
690 4445 762 4504 dolo
778 4445 861 4506 dicta
876 4447 982 4508 vident
970 4457 1034 4522 tur,
1058 4455 1160 4513 tamen
1182 4446 1344 4507 offenditur
1361 4445 1434 4522 Oly-
