3230 5308
560 374 715 445 apartibus
731 375 806 426 chori
823 374 951 426 cantatis.
1284 367 1318 427 ll

194 551 276 616 sunt,
303 543 334 600 in
350 543 540 621 antistropha
556 549 706 620 exceptae
727 540 864 598 oratione
884 541 976 599 simili
996 539 1222 619 repetuntur¹),
1248 551 1321 600 stro·

193 628 284 704 pham
305 635 336 686 et
356 629 575 706 antistropham
594 627 632 685 ab
653 624 835 684 hemichoris
855 633 991 684 cantatas
1006 646 1072 684 csse
1094 625 1252 704 probabile
1274 647 1320 686 es·

193 711 288 791 sati),
304 712 364 770 nisi
378 712 544 771 scholiasta
558 713 768 787 choreutarurn
783 711 997 768 conversiones
1013 711 1100 769 huius
1112 713 1321 788 parallelismi,

193 817 283 877 quem
299 797 418 870 dicunt,
436 818 574 857 caussam
588 797 684 855 fuisse
699 793 831 854 doceret.

257 881 322 942 Sed
345 882 476 959 epodum
492 880 643 941 interdum
660 900 678 938 a
695 880 867 959 coryphaeo
883 886 1035 936 cantatam
1052 898 1119 936 esse
1142 878 1234 938 valde
1253 899 1320 957 pro-

192 966 296 1024 babile
312 974 368 1026 est.
399 965 599 1026 Confirmatur
616 965 679 1044 hoc
693 965 826 1023 carmine
842 964 926 1042 Sept.
946 983 972 1022 c.
991 962 1050 1020 Th.
1066 971 1118 1024 853
1130 983 1212 1043 sqq.,
1237 965 1322 1022 cuius

194 1049 310 1128 epodu's
331 1071 431 1130 neque
452 1053 572 1133 reliquo
592 1058 769 1128 argumento
791 1047 830 1107 ad
852 1057 948 1108 totum
969 1047 1091 1106 cherum
1107 1056 1179 1125 apta
1195 1068 1262 1107 esse
1276 1049 1320 1106 vi-

194 1135 297 1209 detur,
313 1143 344 1194 et
359 1136 596 1196 cohortationem
614 1135 777 1216 coryphaei
793 1133 832 1193 ad
848 1141 987 1193 caeteros
1007 1133 1165 1192 choreutas
1179 1133 1321 1209 continet,

192 1228 225 1278 ut
240 1221 396 1299 planctum
414 1222 566 1280 inchoent.

255 1302 343 1381 Quae
361 1305 452 1384 epodi
466 1304 653 1384 longioribus
669 1303 852 1362 carminibus
869 1303 1027 1363 subiectae
1044 1311 1129 1376 sunt,
1158 1323 1260 1362 earum
1275 1302 1319 1360 in·

193 1388 311 1448 terdum
328 1409 364 1448 ea
378 1392 456 1449 ratio
473 1399 532 1464 est,
549 1399 583 1450 ut
598 1397 775 1467 argumento
792 1409 860 1446 cum
880 1389 932 1463 iis,
948 1409 1027 1469 quae
1042 1387 1247 1468 praecedunt,
1265 1387 1317 1444 mi-

190 1495 247 1532 nus
264 1474 460 1535 cohaerentes
480 1475 520 1534 ad
534 1476 658 1535 notitias
674 1473 797 1532 levioris
818 1475 963 1533 momenti
985 1473 1212 1550 subiungendas
1234 1470 1319 1530 addi-

190 1567 240 1618 tae
257 1561 327 1619 sint.
359 1559 429 1638 Quo
450 1561 532 1620 facto
554 1561 622 1640 quis
643 1580 705 1618 non
726 1567 963 1617 consentaneum
989 1579 1056 1617 esse
1077 1557 1227 1616 indicabit
1249 1576 1320 1634 epo·

192 1643 263 1726 dnm
276 1664 391 1723 paucos
409 1654 547 1705 cantores
562 1645 720 1718 habuisse,
742 1643 780 1701 ab
796 1645 939 1702 universo
954 1642 1045 1703 choro
1061 1652 1179 1702 tantum
1196 1650 1318 1701 antece-

190 1727 289 1787 dentis
314 1731 455 1789 carminis
474 1731 642 1790 sententias
668 1729 862 1806 gravissimas
887 1729 1048 1806 magnifice
1077 1737 1227 1788 concentu
1253 1747 1320 1786 csse

191 1814 384 1873 celebratas?
421 1813 515 1875 Cuius
538 1815 661 1893 generis
686 1833 734 1892 ap.
755 1813 870 1873 Aesch.
890 1834 952 1872 una
974 1813 1089 1892 epodus
1110 1833 1177 1873 esse
1197 1811 1320 1872 videtur
1347 1841 1350 1871 ι

188 1897 297 1974 Agam.
314 1919 344 1958 v.
357 1908 409 1962 482
426 1919 509 1980 sqq.,
531 1921 622 1979 quam
640 1899 834 1957 Hermannus
849 1899 957 1976 paucis
973 1898 1145 1958 cantoribus
1161 1899 1205 1956 ita
1220 1895 1319 1956 vindi·
1344 1928 1348 2010 ρ
1375 1861 1404 1977 [ζ’

189 1984 285 2055 cavit,
301 1992 335 2040 ut
351 2003 416 2042 eam
431 2004 496 2042 rem
512 1993 599 2043 extra
616 1982 837 2040 dubitationem
853 2003 919 2041 esse
933 1984 1062 2060 positam
1078 1980 1286 2057 affirmaret³).

253 2066 316 2125 Sed
332 2075 384 2124 aut
400 2068 526 2125 multum
540 2068 645 2139 fallor,
667 2075 719 2123 aut
734 2085 832 2143 aeque
849 2087 885 2124 ac
900 2066 1016 2124 mesodi
1034 2065 1124 2144 spodi
1139 2067 1319 2145 plerumque

190 2169 226 2208 eo
243 2170 300 2208 usu
321 2151 352 2207 in
368 2151 555 2226 longioribus
573 2149 755 2208 carminibus
772 2159 871 2221 erant,
897 2157 932 2207 ut
948 2150 1138 2227 stropharum
1152 2157 1319 2220 numerum,

189 2234 242 2312 qui
258 2243 380 2312 propter
392 2234 604 2293 choreutarum
619 2234 749 2292 invicem
764 2235 938 2292 canentium
949 2242 1052 2314 partes
1064 2235 1193 2312 impares
1209 2235 1319 2314 etipse

158 2323 159 2327 ’
189 2319 286 2397 impar
303 2318 482 2378 efficiendus
500 2329 579 2394 erat,
597 2319 791 2398 complerent.
817 2317 868 2376 Ad
886 2338 976 2397 quam
992 2339 1056 2378 rem
1067 2319 1256 2398 probandam
1273 2321 1317 2378 in·

188 2403 277 2480 signe
299 2413 343 2462 est
367 2405 539 2483 exemplum
559 2405 730 2464 Persarum.
775 2402 902 2463 Constat
930 2406 1135 2464 coniecturam
1162 2406 1318 2484 egregiam

191 2508 259 2547 esse
277 2488 409 2549 Stanleii
431 2490 554 2548 chorum
569 2490 747 2561 Persarum,
763 2497 887 2547 senatus
910 2489 1071 2567 imaginem
1087 2492 1317 2568 exprimentem,

188 2581 304 2650 septem
318 2574 495 2652 proceribus
511 2575 599 2652 regni
614 2574 733 2633 Persici
755 2574 952 2651 compositum
968 2574 1062 2632 fuisse
1070 2569 1106 2648 ⁴).
1142 2572 1242 2650 Quam
1264 2594 1316 2633 ve·

187 2677 251 2716 ram
271 2679 339 2718 esse
361 2660 548 2738 singulorum
565 2660 774 2718 choreutarum
791 2667 912 2733 cantus,
940 2659 993 2738 qui
1010 2659 1040 2716 in
1060 2679 1097 2717 ea
1112 2659 1218 2718 fabula
1232 2661 1317 2718 inve-

187 2743 284 2818 nitur,
305 2765 340 2803 eo
356 2754 535 2822 argumento
554 2743 742 2824 comprobat,
762 2744 811 2801 cui
826 2743 878 2802 vel
892 2745 1024 2802 maxime
1041 2744 1212 2804 incredulos
1226 2743 1317 2803 fidem

185 2848 247 2887 non
271 2848 338 2888 esse
361 2829 564 2908 denegaturus
580 2849 709 2909 sperem.
737 2826 888 2904 Quattuor
904 2829 982 2888 enim
1000 2830 1032 2887 in
1047 2829 1151 2888 Persis
1166 2839 1237 2890 sunt
1251 2849 1316 2888 car-

186 2913 268 2971 mina
283 2914 374 2972 trium
388 2915 579 2992 stropharum
592 2913 781 2992 totidemque
797 2913 1067 2992 antistropharum,
1089 2915 1199 2993 quibus
1214 2917 1317 2991 singu-

186 2996 225 3054 lis
239 3017 301 3056 una
321 2998 436 3075 epodus
451 2999 503 3058 vel
516 2998 656 3058 mesodus
673 2999 725 3057 vel
739 2998 870 3077 proodus
885 2997 991 3057 addita
1009 3007 1069 3070 est,
1084 3009 1118 3058 ut
1133 2999 1171 3059 de
1190 3000 1317 3060 consilio

185 3090 296 3157 poetae
313 3092 430 3160 septem
445 3092 624 3143 commatum
646 3082 874 3142 efficiendorum
889 3083 976 3143 nulla
989 3084 1181 3163 relinquatur
1197 3085 1316 3144 dubita·

187 3167 237 3224 tio.
267 3167 382 3226 Eorum
406 3169 573 3240 carminum¹
590 3176 660 3227 sunt
681 3169 754 3238 tria,
781 3187 896 3248 quasa
918 3168 1009 3227 choro
1030 3189 1092 3228 non
1112 3178 1175 3228 toto
1193 3175 1317 3229 cantata

188 3269 255 3306 esse
270 3251 350 3309 aliae
371 3253 503 3311 rationes
525 3251 698 3312 ostendunt.
731 3253 781 3311 De
801 3253 915 3330 primo,
938 3252 1020 3332 quod
1040 3263 1207 3334 systemata
1230 3274 1315 3314 evv.

186 3333 246 3391 ion.
260 3354 278 3391 a
293 3335 364 3392 min.
381 3343 412 3393 et
424 3335 580 3395 mesodum
596 3335 701 3395 iudea
716 3357 746 3395 v.
762 3345 794 3399 91
809 3336 917 3412 habet,
935 3357 1026 3416 supra
1042 3339 1155 3397 dictum
1172 3348 1227 3398 est.
1259 3338 1315 3396 Al·

187 3425 284 3476 terum
300 3438 422 3477 carmen
438 3421 572 3496 magicas
597 3420 680 3478 chori
700 3421 890 3479 cantationes
912 3423 1047 3480 continet
1068 3422 1107 3480 ad
1130 3443 1234 3498 regern
1250 3424 1313 3480 Da·

185 3503 264 3560 rium
286 3523 302 3562 e
325 3503 440 3563 tumulo
455 3524 508 3562 suo
526 3503 716 3563 evocandum
732 3514 824 3582 atque
843 3503 941 3581 epodo
955 3506 1065 3566 finitur.
1096 3506 1187 3582 Quod
1209 3527 1227 3563 a
1246 3505 1315 3562 cho-

185 3589 279 3646 reutis
300 3589 433 3646 invicem
455 3589 525 3646 cani
546 3597 668 3666 praeter
689 3589 908 3665 suspicionem,
934 3608 1025 3667 quam
1046 3591 1163 3648 numeri
1183 3597 1315 3660 movent,

185 3674 290 3732 testari
305 3672 443 3746 videtur,
470 3671 551 3752 quod
571 3673 711 3749 singulae
732 3673 874 3751 strophae
889 3681 1067 3749 argumento
1088 3693 1141 3731 suo
1158 3675 1200 3732 ita
1217 3673 1315 3734 absol-

261 3823 287 3888 1)
306 3827 338 3876 V.
359 3842 393 3875 ex
412 3840 435 3873 c.
455 3823 551 3888 Eurip.
569 3822 670 3873 Phoen.
688 3837 715 3872 v.
734 3822 863 3885 200—19,
884 3823 931 3872 ubi
949 3821 1017 3874 haec
1036 3829 1114 3874 sunt:

260 3895 315 3944 Str.
343 3886 454 3958 Τύριον
472 3885 559 3957 οἶδμα
574 3881 692 3941 λιποῦο’
712 3884 780 3956 ἔβαν
797 3882 954 3955 ἀκροθίνια
971 3889 1079 3955 Λοξίου

566 3993 569 3998 -
602 3957 697 4026 Φοίβῳ
716 3953 806 4009 δούλα
818 3952 980 4026 μελάθρων.

255 4029 370 4082 hulistr.
392 4019 501 4086 Πόλεος
520 4019 736 4094 ἐκπροκριθεῑσ’
755 4019 822 4092 ἐμᾶς
839 4022 1060 4096 καλλιστεύματα
1076 4028 1167 4100 Λοξίᾳ

394 4097 546 4163 Καδμείων
562 4093 665 4162 ἔμολον
681 4097 735 4162 γᾶν
750 4127 785 4138 -
1050 4099 1053 4106 ’

448 4199 484 4206 -
554 4165 650 4234 Φοίβῳ
668 4160 762 4230 λάτρις
777 4157 921 4231 ἐγενόμαν.

188 4229 216 4293 2)
233 4231 336 4282 Genell.
355 4235 383 4282 in
397 4235 467 4286 libro
486 4236 506 4286 l.
517 4253 543 4301 p.
560 4237 603 4286 41.
632 4239 761 4287 Lindner.
780 4239 809 4286 in
826 4237 923 4287 Jahnii
940 4237 1047 4287 Annali·
1067 4239 1183 4303 paedag.
1202 4243 1230 4288 et
1254 4237 1312 4301 phi-

187 4300 270 4364 lolog.
290 4316 315 4348 a.
338 4301 411 4351 1827.
431 4305 500 4353 fasc.
515 4307 568 4356 111.
588 4323 614 4370 p.
635 4306 694 4356 102.
764 4305 793 4368 3)
812 4308 905 4356 Herm.
929 4307 1014 4357 Elem.
1036 4313 1113 4357 metr.
1132 4325 1159 4371 p.
1179 4307 1229 4357 726
1252 4321 1312 4368 sqq.

188 4368 215 4433 4)
234 4371 272 4489 gil.
298 4368 384 4417 Stant.
410 4379 552 4422 comment.
577 4375 612 4424 ad
628 4376 702 4425 Pers.
724 4391 750 4426 v.
775 4379 800 4424 2.
838 4375 879 4425 cf.
898 4375 1032 4427 Welckcr.
1052 4377 1086 4428 do
1105 4376 1194 4439 trilog.
1215 4373 1311 4423 Aescb.
