3254 5304
527 419 569 474 De
589 420 776 490 interregibus
791 415 930 475 Romanis,
1236 421 1295 483 177

159 587 270 648 ertator
285 588 317 647 οἱ
333 579 469 667 Ῥωμαῖοι
491 588 641 648 καλοῦσιν.
671 589 831 648 Plutarchi
852 589 944 666 igitur
966 592 1119 650 sententia
1145 601 1191 651 est
1206 611 1294 650 sena-

159 686 248 749 tores,
268 676 320 756 qui
332 684 452 735 centum
469 675 692 756 quinquaginta
707 675 829 750 fuerint,
847 672 994 754 deinceps
1011 695 1111 734 omnes
1126 677 1295 754 interreges

160 761 259 820 factos
275 781 357 835 esse,
374 760 428 820 sed
444 761 632 837 singulorum
647 761 805 837 imperium
817 779 878 818 non
891 759 1019 837 amplius
1035 759 1194 820 duodecim
1209 763 1295 821 hora-

159 867 224 905 rum
248 846 344 904 fuisse
365 847 409 904 ita
431 845 611 918 divisarum,
633 853 666 902 ut
686 865 741 904 sex
763 845 855 904 horae
878 843 1059 904 adnectam
1081 865 1136 904 sex
1160 844 1199 903 ad
1217 847 1296 906 diem

159 925 356 1010 pertinerent.
391 929 490 1007 Quam
509 931 692 989 sententiam
713 930 911 1008 exploserunt
935 949 1038 989 omnes
1062 938 1096 988 ut
1120 950 1221 1010 neque
1242 951 1296 1009 per

161 1037 193 1076 se
221 1015 411 1094 probabilem
441 1023 471 1074 et
496 1015 561 1089 iis,
576 1034 655 1094 quae
676 1015 788 1094 reliqui
806 1012 978 1088 traderent,
1003 1015 1193 1073 contrariam.
1225 1016 1296 1074 Iure

162 1101 285 1180 quidem
301 1101 348 1158 illi
364 1119 428 1174 suo,
449 1099 504 1159 sed
518 1101 617 1159 minus
635 1108 737 1174 caute,
758 1100 896 1179 namqui
912 1099 942 1156 iu
957 1118 1006 1158 res
1021 1101 1203 1178 populorum
1219 1101 1296 1160 anti-

161 1186 323 1265 quissimas
335 1193 365 1242 et
379 1185 492 1243 fabulis
504 1185 656 1244 involutas
667 1184 800 1244 studium
811 1192 1034 1258 converterunt,
1052 1185 1130 1244 bene
1146 1185 1298 1262 cognitum

162 1271 279 1345 habent
303 1289 342 1328 ex
358 1270 396 1329 iis
415 1289 494 1349 quac
511 1271 578 1347 ipsa
589 1269 669 1328 falsa
685 1271 759 1346 sint,
776 1289 996 1348 saepenumero
1011 1290 1085 1328 vera
1101 1269 1153 1328 vel
1168 1271 1233 1328 erui
1247 1270 1299 1328 vel

164 1355 341 1413 confirmari.
378 1355 564 1414 Niebuhrius
587 1353 723 1413 fabulam
743 1355 822 1413 falso
848 1362 1021 1414 senatorum
1043 1375 1183 1429 numero,
1206 1355 1258 1434 qui
1278 1375 1296 1412 a

161 1439 327 1498 Plutarcho
344 1439 497 1513 tradatur,
520 1440 610 1498 inniti
632 1437 757 1517 dieit¹);
782 1441 830 1498 cui
845 1439 936 1498 fidem
951 1459 1012 1497 non
1028 1439 1188 1513 habemuS,
1205 1459 1296 1517 quum

162 1545 260 1584 nexus
280 1525 359 1584 inter
381 1545 418 1583 ca
435 1544 514 1604 quae
530 1524 713 1584 Plutarchus
737 1523 775 1583 de
793 1526 920 1602 imperio
942 1525 1127 1602 interregem
1144 1523 1249 1582 scribit
1267 1532 1298 1582 et

162 1629 319 1669 numerum
335 1619 523 1683 senatorum,
546 1629 564 1668 a
586 1630 645 1690 quo
661 1609 847 1669 Niebuhrius
870 1609 924 1668 illa
939 1608 1074 1686 pendere
1089 1609 1173 1682 vult,
1194 1608 1297 1668 nullus

163 1703 320 1773 appareat.
356 1695 451 1753 Immo
475 1715 492 1752 a
520 1695 688 1754 Plutarcho
710 1703 834 1753 narrata
852 1695 931 1752 hanc
956 1694 1102 1770 originem
1128 1701 1297 1751 traxerunt.

162 1781 241 1839 Nam
256 1779 337 1859 qued
358 1779 439 1857 apud
459 1780 614 1838 annalium
631 1781 793 1858 scriptores
811 1777 987 1838 tradebatur
1001 1786 1155 1849 senatum,
1176 1777 1228 1835 ubi
1248 1795 1297 1838 res

164 1864 203 1922 ad
217 1865 424 1942 interregnum
434 1865 567 1938 ueniret,
586 1865 617 1921 in
635 1864 774 1923 decurias
791 1863 888 1922 dividi
903 1863 1025 1920 solitum
1042 1882 1124 1935 esse,
1142 1882 1220 1942 quae
1237 1865 1297 1922 sin-

163 1949 254 2026 gulae
267 1951 402 2028 quinque
418 1949 534 2008 dierum
547 1949 705 2026 imperium
720 1947 877 2017 haberent,
889 1945 1072 2004 Plutarchus
1085 1947 1151 2005 sive
1167 1948 1296 2025 quicun-

165 2054 224 2112 que
240 2035 304 2092 cius
323 2034 493 2092 sententiae
506 2033 618 2111 primus
636 2040 739 2090 auctor
756 2032 822 2104 fuit,
838 2031 881 2086 ita
898 2030 1067 2103 intellexit,
1084 2039 1193 2090 utnon
1207 2051 1297 2089 unum

166 2137 205 2176 ex
221 2117 347 2176 decuria
363 2117 417 2175 sed
434 2135 536 2176 omnes
553 2115 659 2174 decem
677 2114 821 2194 deinceps
838 2133 874 2172 ee
890 2113 1006 2172 dicrum
1022 2115 1120 2192 spatio
1133 2116 1298 2192 imperasse

166 2201 319 2278 crederet,
348 2201 429 2260 unde
449 2201 577 2276 singulis
594 2197 719 2256 dimidia
741 2197 802 2256 diei
817 2217 903 2276 pars,
922 2217 984 2278 qua
998 2201 1209 2276 regnaverint,
1227 2220 1298 2258 eve-

164 2289 218 2346 nit.
248 2288 289 2345 Et
307 2287 365 2344 hoc
376 2285 498 2364 quidem
514 2285 580 2361 ipsa
594 2303 642 2341 res
658 2280 789 2341 docebat
809 2287 868 2340 non
887 2284 1021 2360 potuisse
1038 2283 1103 2343 dies
1119 2285 1197 2343 inter
1211 2283 1300 2344 binos

166 2373 209 2430 ita
224 2371 377 2443 distribui,
397 2379 430 2428 ut
444 2369 533 2427 alteri
548 2367 639 2441 lucis,
651 2376 652 2379 ’
664 2367 753 2426 alteri
774 2369 871 2426 noctis
890 2376 1028 2448 tempora
1043 2367 1201 2446 darentur3
1217 2369 1298 2429 unde

166 2456 279 2515 diserte
294 2453 477 2513 Plutarchus
491 2451 593 2510 media
609 2460 698 2510 nocte
715 2461 746 2510 et
760 2452 886 2512 meridie
904 2453 1077 2530 interregna
1092 2455 1168 2513 inita
1184 2455 1299 2514 scribit.

165 2542 273 2600 Fuisse
297 2547 397 2598 autem
418 2537 450 2594 in
470 2535 640 2594 annalibus
654 2536 764 2610 verba,
785 2537 896 2615 quibus
919 2537 1006 2597 homo
1027 2539 1132 2616 utique
1153 2539 1299 2613 Graecus,

165 2627 218 2704 qui
232 2625 350 2703 patriae
369 2641 442 2681 suae
461 2623 602 2680 instituta
621 2622 721 2680 animo
738 2631 873 2696 teneret,
896 2623 927 2681 in
942 2642 1073 2682 errorem
1088 2623 1180 2682 facile
1197 2621 1301 2682 induci

163 2717 281 2788 posset,
304 2727 341 2767 eo
362 2707 458 2784 magis
481 2714 528 2766 est
542 2705 722 2782 verisimile,
740 2707 928 2787 quodetiam
946 2708 1028 2766 Livii
1043 2706 1151 2783 verba,
1172 2707 1203 2766 id
1218 2707 1300 2787 quod

165 2813 256 2872 supra
276 2793 461 2866 monuimus,
484 2811 522 2850 ca
551 2799 633 2866 sunt,
657 2799 705 2865 ut,
730 2793 790 2850 nisi
811 2800 929 2851 attente
950 2792 1078 2870 legeris,
1104 2793 1301 2852 vehementer

165 2878 304 2936 dubitare
321 2879 433 2955 possis,
456 2884 555 2934 utrum
581 2896 620 2935 ex
642 2875 774 2936 decuriis
797 2877 924 2954 singulis
940 2897 1031 2935 unum
1053 2877 1150 2936 solum
1165 2879 1300 2958 quinque

165 2961 282 3021 dicrum
300 2963 398 3040 spatio
423 2982 462 3018 an
482 2981 549 3018 cum
565 2962 703 3040 principe
719 2963 811 3020 etiam
824 2983 936 3021 novem
957 2962 1093 3041 reliquos
1110 2963 1300 3040 imperitasse

167 3045 258 3104 dicat.
295 3045 487 3125 Quamquam
507 3045 707 3104 Plutarchum
734 3067 796 3104 non
826 3046 956 3106 cundem
985 3067 1053 3104 curn
1074 3047 1163 3107 Livio
1184 3049 1300 3107 fontem

166 3139 302 3188 secutum
329 3149 402 3188 esse·
423 3138 589 3212 apparete
618 3129 755 3205 diverso,
784 3151 874 3210 quem
897 3129 1038 3210 uterque'
1049 3131 1157 3207 tradit,
1181 3141 1300 3192 senato-

166 3236 231 3273 rum
252 3233 393 3288 numero,
415 3215 527 3292 quain
546 3235 579 3274 re
600 3215 659 3272 utri
680 3215 757 3273 fides
777 3214 921 3274 habenda
941 3217 995 3290 sit,
1018 3215 1143 3274 dubium
1165 3237 1227 3277 non
1245 3226 1300 3276 est.

167 3299 230 3359 Sed
250 3297 309 3355 hoc
335 3299 395 3356 iam
421 3306 559 3376 apparet,
587 3318 770 3377 quamquam
789 3299 870 3356 falsa
897 3301 937 3358 sit
954 3300 1112 3358 Plutarchi
1139 3301 1301 3373 sententia,

167 3383 335 3442 confirmari
353 3383 391 3440 ab
407 3403 443 3442 ee
458 3403 476 3440 a
487 3384 577 3442 Livio
594 3380 717 3457 tradita,
735 3384 760 3442 si
775 3403 932 3442 numerum
948 3392 1118 3442 senatorum
1134 3385 1303 3462 exceperis,

169 3470 284 3543 omnia3
301 3487 370 3526 nam
387 3481 569 3546 quamquam
586 3467 769 3526 Plutarchus
785 3467 925 3526 decurias
943 3469 1064 3526 silentio
1080 3469 1301 3544 praetermittit,
1376 3525 1380 3531 ,

166 3564 268 3613 tamen
290 3552 391 3612 verbis
417 3553 481 3611 eius
504 3552 598 3610 fuisse
624 3551 805 3628 probantur,
832 3551 914 3630 quod
939 3552 1046 3609 mirum
1070 3552 1147 3610 illud
1167 3572 1302 3628 regnum,

167 3659 227 3719 quo
248 3637 313 3696 dies
333 3635 544 3709 dimidiantur,
566 3656 605 3694 ex
627 3637 692 3694 sola
713 3635 903 3695 decuriarum
926 3635 1130 3714 descriptione
1155 3636 1303 3715 explicari

166 3715 277 3802 potest.
310 3723 352 3781 Et
368 3722 526 3780 Plutarchi
546 3722 710 3780 auctoritas
728 3741 763 3780 eo
778 3721 875 3800 pluris
893 3719 1052 3794 facienda,
1071 3720 1153 3802 quod
1171 3741 1186 3780 e
1203 3721 1302 3779 diver·

167 3810 207 3867 sis
224 3808 359 3867 fontibus
383 3815 543 3887 utrumque
557 3807 695 3866 hausisse
714 3825 752 3865 ex
770 3807 837 3884 ipsa
858 3805 1064 3883 discrepantia
1085 3814 1180 3883 patet.
1210 3805 1303 3864 Illum

168 3885 284 3964 autem,
303 3912 381 3973 quae
400 3893 529 3970 scripsit,
546 3891 584 3951 dc
600 3911 654 3950 suo
671 3890 794 3969 quidem
808 3891 871 3948 non
883 3891 1036 3966 hausisse,
1055 3890 1110 3949 sed
1126 3910 1206 3970 quae
1222 3888 1303 3970 apud

169 3986 322 4036 auctorem
338 3977 430 4036 alium
449 3978 616 4050 inveniret,
639 3995 745 4055 parum
762 3975 894 4052 cogitate
909 3976 1050 4034 retulisse
1068 3975 1106 4034 ob
1120 3976 1201 4035 hanc
1217 3995 1303 4033 caus·

169 4079 232 4119 sam
251 4062 415 4120 verisimile
438 4070 501 4132 est,
524 4061 604 4143 quod
627 4060 707 4119 idem
730 4061 761 4119 in
782 4062 848 4118 vita
867 4058 1021 4138 Romuli²)
1038 4081 1099 4120 non
1116 4081 1197 4133 eum,
1214 4080 1302 4140 quem

168 4145 196 4203 h.
214 4144 245 4217 l.,
262 4143 315 4203 sed
331 4144 528 4206 ducentorum
538 4155 713 4206 senatorum
726 4165 884 4204 numerum
895 4144 1030 4206 tradidit.
1058 4144 1303 4206 Consentaneum

169 4284 375 4296 ——m

242 4357 269 4423 1)
283 4357 315 4408 P.
332 4359 393 4410 378.
417 4359 524 4421 „Diese
542 4363 700 4429 Erntthlung
723 4362 786 4414 salu
808 4363 857 4413 mit
881 4325 928 4413 der
952 4361 1051 4414 hohleu
1072 4363 1154 4412 Bacis
1172 4359 1219 4409 der
1237 4355 1306 4407 Zahl

170 4428 218 4480 des
242 4429 357 4491 senata,
381 4428 487 4478 worauf
510 4433 551 4479 sie
576 4433 676 4481 ruht.“
747 4433 775 4494 2)
794 4432 824 4484 O.
840 4433 899 4485 XX.
922 4427 1185 4491 dimiseratsedens
1206 4421 1238 4474 δὲ
1255 4423 1305 4490 τῆς

171 4492 278 4555 πόλεως
296 4488 398 4546 ἑκατὸν
415 4489 467 4561 μὲν
485 4487 514 4544 ἔκ
533 4496 667 4562 Σαβίνων
683 4499 828 4565 πατρίκιοι
846 4495 1139 4564 προςκατελέχθησαν.

1060 4579 1098 4640 12
