3254 5304
414 403 661 456 Coniectaneorum
675 402 703 452 in
719 406 815 470 poetes
828 417 942 467 graecos
958 400 1048 469 capita
1065 399 1130 454 duo.
1280 399 1339 458 159

205 571 310 629 Herm.
328 568 465 628 secundo
484 589 575 628 versu
589 589 644 649 pro
662 567 814 646 particula
835 562 885 623 καί
905 567 1026 646 scripsit
1041 564 1079 642 εί,
1099 567 1199 626 locum
1213 567 1293 626 hunc
1308 569 1340 625 in

205 655 327 713 modurn
344 655 469 732 legens:

290 755 350 814 Ζεῦ
364 749 473 858 τιν’τερ,
490 756 557 816 εἴθε
573 754 686 836 γένοιτο
702 755 786 822 θεοῖς
801 749 890 827 φίλα,
907 755 969 822 τοῖς
985 747 1039 828 μὲν
1053 741 1184 830 ἀλιτροῖς

332 831 425 917 ὕβριν
442 835 589 916 διδεῖν,’
559 841 597 900 εί
608 858 705 936 σφιν
696 837 782 896 τοῦτο
795 833 922 936 γε’νοιτο
925 835 1014 910 φίλον

293 925 404 1005 Θνμῳ,
421 925 569 1010 σχέτλια’
553 948 624 1005 εργα
639 945 710 1002 μετα
698 911 922 1024 φρεσλδ”
907 909 1118 997 οςτιςᾶτιιγνὴς

328 984 496 1116 ἐργάζοιτο
512 1011 595 1070 θεῶν
618 1005 735 1088 μηδέν
737 999 951 1082 ’ὀττιζόμενος,

290 1084 424 1154 Αὖτὸν’
407 1116 508 1154 εττειτα
522 1089 612 1154 πάλιν
628 1099 705 1154 τῖσαι
721 1114 800 1152 κακα
818 1111 883 1171 sqq.

210 1185 403 1273 Φρεσλδ’“
395 1219 426 1256 ιιι
443 1198 621 1293 vulgaaet
629 1195 695 1256 cod
709 1197 786 1254 Mut.
764 1203 857 1252 exs
859 1201 911 1250 at
939 1194 1039 1251 Versu
1054 1201 1161 1272 quaro
1180 1215 1234 1272 pro
1235 1189 1341 1270 μηδεν

205 1291 290 1341 recte
311 1283 377 1340 sine
403 1281 496 1341 dubio
517 1271 621 1358 μηδέν’
645 1281 818 1359 repositum.
858 1276 921 1336 Sed
944 1297 1023 1356 quae
1053 1279 1138 1336 initio
1166 1289 1212 1338 est
1233 1281 1339 1352 oratio,

205 1366 294 1426 nobis
310 1387 416 1446 parum
431 1367 533 1426 facilis
550 1366 685 1440 videtum
709 1385 780 1424 nam
797 1382 890 1441 quum
909 1363 1096 1466 respondere
1114 1363 1172 1422 sibi
1193 1372 1342 1442 appareat

206 1453 301 1512 verba
324 1449 438 1530 γένοιτο
459 1455 543 1522 θεοῖς
564 1450 637 1527 φίλα
658 1459 689 1510 et
707 1448 803 1509 verba
821 1443 894 1522 σφλν
911 1447 997 1504 τοῦτο
1011 1442 1125 1524 γε’νοιτο
1143 1446 1248 1523 φίλον,
1273 1448 1341 1506 fieri

205 1559 267 1596 non
281 1546 380 1617 potest
400 1537 475 1616 quin
494 1545 624 1616 utroque
639 1556 730 1596 versu
749 1553 785 1593 ea
799 1531 894 1592 verba
910 1531 950 1590 ad
969 1531 1091 1592 eosdem
1105 1535 1190 1592 Deos
1204 1533 1340 1594 referan-

206 1631 269 1694 tur;
292 1623 416 1682 scelesti
392 1623 532 1699 tigitur
551 1622 729 1701 pronomine
744 1633 828 1722 ,σμιν
848 1617 1038 1676 nullomodo
1055 1618 1268 1695 intelligendi,
1285 1619 1339 1679 cfr.

207 1707 298 1766 etiam
311 1716 496 1786 postremum
511 1707 678 1767 distichon:
694 1695 777 1763 ταῦτ’
796 1700 844 1777 εἴη
862 1695 1022 1780 μακάρεσσι
1037 1706 1146 1774 θεοῖς
1162 1702 1258 1779 φίλα.
1281 1706 1340 1764 Lo-

207 1813 259 1850 cus
288 1801 412 1852 sanatur
438 1801 470 1851 et
496 1801 617 1852 sentent
618 1794 648 1850 ia
672 1800 744 1870 apte
768 1787 920 1868 procedit,
949 1789 975 1847 si
995 1789 1152 1848 lenissima
1173 1791 1340 1848 mutatione

206 1879 303 1954 primo
321 1898 414 1938 versu
430 1875 491 1955 εἴγε
506 1898 561 1998 pro
577 1875 644 1935 εῖθε
661 1875 834 1954 scripseris:

292 1977 352 2036 Ζεῦ
353 1971 475 2077 πάτερ,
491 1975 569 2054 εἴγε
587 1975 701 2055 γένοιτο
714 1980 798 2046 θεοῖς
814 1973 902 2050 φίλα,
920 1976 981 2042 τοῖς
997 1969 1051 2048 μὲν
1064 1963 1193 2054 ἆλιτροῖς

340 2054 431 2141 ὕβριν
452 2052 544 2136 διδεῖν,
560 2061 613 2118 καί
624 2076 705 2159 σφιν
711 2059 798 2118 τοῦτο
816 2056 929 2156 γένοιτο
944 2058 1036 2158 φίλον

295 2146 404 2227 Θνμῷ,
419 2143 568 2222 σχέτλια”
550 2165 622 2224 εργα
637 2135 708 2221 μετολ
717 2139 828 2244 φρεσὶν
846 2134 922 2212 δςτις
937 2132 1055 2217 τἰιιηνιγς

332 2206 507 2336 ἕργαζοιτο,
525 2231 608 2288 θεῶν
622 2219 724 2307 μηδέν’
742 2221 932 2304 διτιζόμενος,

293 2305 430 2374 Atttv'
412 2333 512 2374 εκειτα
526 2308 617 2373 πάλιν
630 2319 707 2374 τῖσαι
721 2307 800 2374 κακά
814 2333 880 2394 sqq.

209 2419 351 2496 „Iupiter
370 2427 472 2496 pater,
501 2417 652 2500 siquidem
673 2419 802 2475 amicum
822 2417 861 2474 sit
849 2417 940 2474 tDis
971 2415 1110 2474 scelestis
1132 2417 1258 2477 iniurias
1275 2419 1341 2497 pla-

210 2524 279 2562 cere
296 2503 337 2582 (h.
362 2523 388 2562 e.
409 2504 462 2562 ubi
482 2505 658 2582 permittant
679 2503 724 2560 Dr
738 2502 937 2560 scelestorum
956 2499 1098 2578 scelera),
1116 2523 1223 2579 precor
1241 2513 1275 2562 ut
1291 2506 1340 2564 iis-

210 2588 279 2647 dem
293 2591 353 2648 Dis
370 2590 499 2648 amicum
513 2590 553 2647 sit
574 2609 593 2646 a
608 2589 741 2648 scelesto
761 2589 827 2665 ipso
845 2606 946 2666 neque
962 2585 1000 2643 ab
1014 2587 1134 2644 insonte
1154 2589 1220 2648 cius
1233 2609 1340 2667 proge-

207 2675 258 2733 nie
271 2694 388 2752 poenas
407 2675 585 2753 expetere.“

759 2861 790 2920 4.

272 2974 419 3036 Eiusdem
432 2985 542 3053 poetae
555 2997 585 3035 v.
601 2985 651 3040 897
669 2998 737 3058 sqq.

293 3065 352 3150 Μὴ
367 3095 444 3132 παντ
447 3066 613 3174 ’iniquom
629 3071 744 3153 Κύρνε,
760 3082 960 3154 καταθνητοῖς
971 3081 1173 3156 χαλεπαίνειν,

333 3152 531 3256 γιγνώσκων,
550 3149 588 3230 ὡς
603 3161 677 3218 νοῦν
691 3155 789 3220 οἷον”
773 3178 893 3234 εκαστος
908 3160 967 3240 ἔχει

295 3234 392 3312 Αντδς
408 3239 452 3300 ἐνί
469 3238 623 3319 στηθεσσι,
639 3243 690 3304 καλ
707 3245 880 3343 ἔργματα
849 3268 891 3304 τιο
910 3267 940 3305 τε
954 3246 1059 3329 δικαίῳ

344 3327 387 3409 τῷ
401 3349 415 3384 τ
422 3319 538 3410 ’τἰδίκρι
547 3326 643 3406 ,μέγα
658 3351 709 3388 κεν
725 3332 809 3408 πῆμα
826 3331 975 3410 βροτοῖσιν
990 3307 1073 3448 incip.

209 3429 309 3488 Versu
329 3429 424 3507 primo
447 3429 518 3488 libri
539 3421 637 3508 Κορνε
658 3451 699 3506 μη
722 3419 828 3510 (Kvpv’
857 3425 885 3490 εί
902 3432 947 3510 A)
964 3452 1042 3490 τιαντ
1045 3423 1222 3508 ’ἄνδρεσσι
1252 3434 1341 3511 Quae

209 3514 397 3592 scripsimus,
419 3515 557 3593 profecta
580 3535 597 3572 a
619 3515 784 3577 Brunckic.
822 3516 884 3576 Sed
905 3527 1067 3596 praeterea
1087 3517 1221 3595 aliquam
1241 3539 1340 3576 corru-

208 3599 324 3677 ptelam
337 3606 409 3658 'esse
426 3607 563 3678 apparet.
594 3600 777 3660 Welckerus
799 3601 898 3659 locum
914 3603 957 3660 sic
979 3601 1181 3678 expediebat:
1211 3603 1340 3675 „Homi-

207 3683 297 3742 nibus
312 3683 473 3760 fragilibus
490 3704 530 3742 ne
546 3687 685 3762 quamvis
700 3707 764 3744 rem
779 3705 976 3760 succenseas,
997 3685 1093 3784 probe
1110 3706 1248 3760 noscens,
1267 3707 1340 3786 qua-

208 3767 390 3848 lemcunquc
411 3770 512 3848 quivis
531 3778 664 3828 mentem
678 3769 843 3828 habeate
859 3789 965 3848 opera,
985 3779 1047 3828 tam
1062 3772 1173 3829 iustum
1188 3789 1279 3850 quam
1296 3773 1340 3830 in·

208 3854 267 3912 iust
268 3875 318 3912 um
311 3874 433 3950 grave
456 3853 598 3912 damnum
626 3855 719 3912 facile
739 3873 830 3933 posse
852 3855 1014 3932 attingere.
1024 3857 1041 3886 “
1085 3847 1161 3912 Οίον
1186 3876 1252 3916 esse
1275 3857 1294 3915 i.
1311 3878 1341 3936 q

209 3921 323 3994 οἷον
289 3957 354 4010 ονν,
370 3931 436 3996 οιον
449 3929 488 4012 δη
501 3958 582 4011 ποτε,
597 3939 648 3998 cll.
664 3938 800 3998 Lobeck
816 3939 931 4018 Phryn.
947 3948 1067 4002 374.-
1059 3939 1342 4004 Schneidewinin

209 4019 333 4079 delectu
338 4033 448 4126 'poett
471 4023 550 4101 eleg.
573 4023 643 4084 Gn:
672 4021 732 4098 „Si
755 4023 937 4083 scriberetur
959 4044 1026 4084 cum
1047 4022 1207 4086 Veneto'
1189 4047 1288 4102 εχεις
1312 4036 1343 4086 et

209 4113 276 4180 post
290 4125 319 4163 v.
336 4103 464 4184 ἔργματα
487 4110 765 4186 interpungeretur,
788 4117 912 4188 recepto
938 4108 1121 4194 denique
1092 4131 1133 4169 τοο
1124 4107 1182 4170 δὲ
1200 4109 1257 4172 δικ
1273 4133 1341 4171 cum

208 4186 248 4246 A.
271 4189 402 4269 aliisque
427 4192 580 4252 codicibus
601 4213 728 4252 numero
749 4193 871 4268 decem,
894 4195 972 4254 haec
994 4195 1094 4256 videri
1117 4205 1243 4274 possent
1261 4196 1341 4255 bene

209 4271 353 4414 pulcre.
345 4274 409 4332 At
401 4297 433 4332 1n
448 4295 514 4354 sqq.
537 4278 712 4338 haeremus:
734 4279 826 4356 vulgo
849 4275 920 4360 inp:
943 4279 982 4338 A.
998 4275 1104 4354 ἐπῆν.ιι
1136 4280 1341 4339 Schneirlerus

286 4358 432 4416 coniecit:

296 4447 389 4534 Kripv'
411 4455 439 4513 εἰ
451 4476 527 4515 παντ
531 4449 710 4540 ἄνδρεσσι,
731 4467 931 4537 καταθνητοῖς
947 4461 1119 4539 χαλέπαινες
