3230 5308
329 379 369 439 22
690 379 732 431 Dc
748 377 914 430 carminibus
932 374 1093 443 Aeschyleis

329 554 370 611 sit
394 547 457 628 per¹
473 555 569 606 totam
589 545 724 604 fabulam
745 563 796 602 eos
812 543 896 602 chori
912 540 1033 600 ordines
1048 549 1184 601 servatos
1203 561 1285 613 esse,
1307 561 1368 620 quo
1384 528 1459 599 nurci

329 621 462 712 στοιχοῦς
477 631 616 709 dispositi
632 637 750 700 essent,
767 627 865 704 magis
881 626 913 685 id
925 626 1119 686 confirmatur
1134 625 1250 684 duobus
1266 625 1458 699 carminibus,

331 729 362 780 et
376 720 449 791 hoc,
471 715 553 796 quod
570 723 749 787 tractamus,
770 720 801 771 et
817 731 867 786 eo,
883 709 965 792 quod
979 731 1009 772 v.
1024 719 1076 775 249
1091 711 1209 789 incipit.
1244 710 1460 769 Procedebant

330 804 416 886 quini
428 799 467 880 ¹);
496 821 535 859 en
548 801 682 880 quinque
699 807 769 858 sunt
784 806 931 856 commata
945 797 1061 875 primae
1076 797 1235 875 strophae,
1253 794 1381 854 totidem
1397 797 1458 874 pri·

330 908 398 947 mae
418 887 552 958 antistr.,
576 883 702 944 totidem
726 881 798 942 inde
819 891 1031 954 numerantur,
1059 884 1085 941 si
1104 891 1288 960 postremum
1311 881 1459 958 excipias,

329 992 390 1051 quo
412 978 533 1030 cantum
555 967 595 1026 ad
616 968 821 1048 coryphaeum
847 965 977 1026 rediisse
999 976 1238 1026 consentaneum
1259 974 1306 1024 est
1316 963 1352 1044 ²).
1396 964 1460 1024 Sed

329 1076 446 1115 omnem
461 1053 683 1112 dubitationem
698 1051 819 1124 adimit,
845 1050 928 1130 quod
945 1052 1040 1130 quina
1061 1059 1211 1111 commata
1227 1051 1270 1108 ita
1287 1057 1461 1128 comparata

328 1149 413 1213 sunt,
428 1138 518 1197 utbis
530 1137 660 1196 alterum
675 1136 801 1194 alterius
819 1134 902 1194 dicta
918 1135 1087 1210 confirmet,
1102 1143 1238 1215 repetat,
1256 1133 1389 1214 denique
1405 1134 1460 1192 ali-

329 1245 389 1304 quo
403 1222 491 1282 modo
514 1223 543 1280 ei
568 1219 767 1298 respondeat,
789 1240 882 1278 unum
897 1229 999 1279 autem
1016 1240 1132 1298 comma
1152 1221 1357 1299 relinquatur,
1380 1217 1462 1298 quod

329 1315 382 1366 aut
397 1307 597 1384 responsione
609 1305 728 1365 omnino
744 1311 863 1380 eareat,
886 1313 938 1363 aut
953 1313 983 1363 et
999 1305 1097 1383 ipsum
1112 1304 1151 1364 ad
1168 1305 1232 1363 alia
1247 1303 1306 1362 duo
1324 1302 1461 1376 accedat,

327 1390 412 1472 unde
425 1392 485 1450 tria
506 1391 581 1462 sint,
608 1408 687 1470 quae
710 1389 892 1448 sententiam
909 1389 1040 1448 similem
1053 1390 1262 1468 profiteantur.
1294 1389 1353 1447 His
1369 1387 1462 1446 tantis

332 1475 454 1534 indiciis
471 1473 549 1533 adeo
569 1493 645 1554 quas
660 1474 805 1532 stationes
821 1473 962 1552 singulae
976 1493 1125 1553 personae
1139 1474 1307 1545 tenuerint,
1332 1493 1392 1552 qno
1415 1491 1461 1529 or·

332 1559 405 1620 dine
420 1560 452 1618 in
463 1557 603 1618 canendo
615 1578 648 1618 se
665 1551 859 1636 exceperint,
877 1579 939 1617 non
954 1560 1020 1617 sine
1035 1578 1148 1636 magna
1162 1557 1379 1637 probabilitate
1394 1575 1463 1615 con-

331 1645 383 1703 iici
394 1650 505 1722 potest.
534 1641 778 1703 Consentaneum
794 1642 874 1701 enim
893 1650 939 1701 est
959 1643 1092 1702 medium
1113 1643 1260 1722 cuiusque
1283 1641 1396 1701 ordinis
1417 1639 1461 1700 lo-

333 1749 401 1788 cum
419 1747 486 1786 eam
504 1747 666 1806 personam
688 1728 839 1800 tenuisse,
867 1729 952 1787 cuius
979 1727 1062 1786 dicta
1082 1735 1134 1786 aut
1161 1749 1180 1786 a
1200 1726 1318 1787 duobus
1340 1727 1465 1803 insuper

334 1814 403 1872 aliis
418 1813 571 1872 sententia
585 1811 677 1871 simili
694 1812 913 1890 excipiuntur,
926 1821 979 1870 aut
1000 1813 1136 1871 solitaria
1153 1820 1223 1872 sunt
1244 1819 1275 1870 et
1297 1811 1377 1870 omni
1393 1829 1464 1869 eon-

332 1898 500 1956 firmatione
515 1905 634 1971 carent3
663 1915 742 1977 quae
763 1897 851 1955 huius
873 1916 891 1954 a
911 1897 1009 1956 latere
1027 1896 1149 1956 stabant
1169 1915 1334 1976 personae,
1361 1915 1465 1954 earum

334 1999 516 2062 quamquam
530 1982 609 2040 ratio
624 1981 766 2040 incertior
781 1989 828 2040 est
839 1977 874 2060 ⁸),
891 1989 993 2041 tamen
1009 2001 1070 2041 non
1086 1989 1187 2060 potest
1204 2001 1265 2042 non
1279 1979 1378 2039 videri
1394 1981 1464 2038 sim-

331 2066 530 2145 plicissimum
545 2085 612 2124 esse
629 2073 659 2124 et
674 2067 837 2124 maximam
851 2065 1069 2144 aequalitatem
1083 2065 1214 2139 habere,
1233 2065 1325 2126 simili
1342 2073 1464 2124 senten·

331 2152 376 2210 tia
390 2147 575 2228 respondere
591 2149 650 2208 sibi
666 2157 730 2208 tum
744 2170 823 2230 quae
840 2151 987 2230 cuiusque
1004 2149 1120 2211 ordinis
1137 2160 1292 2210 extremae
1307 2150 1381 2222 sint,
1399 2158 1465 2207 tum

332 2255 411 2314 quae
428 2235 575 2293 stationes
590 2233 728 2292 habeant
741 2234 862 2292 mediae
876 2235 1048 2312 proximas;
1073 2235 1204 2295 canendi
1225 2237 1310 2294 vices
1331 2242 1432 2292 autem
1446 2253 1465 2290 a

333 2319 441 2377 dextra
462 2318 673 2376 choreutarum
696 2325 782 2395 parte
803 2319 960 2378 transiisse
983 2319 1022 2378 ad
1042 2321 1206 2379 sinistram.
1236 2318 1314 2378 Inde
1330 2317 1466 2397 sequitur

334 2403 456 2460 chorum
467 2401 562 2459 fuisse
575 2401 656 2460 hunc
670 2403 703 2459 in
715 2400 835 2460 modum
854 2401 1050 2480 dispositum,
1065 2405 1198 2466 numeris
1215 2423 1371 2483 personas,
1386 2423 1464 2481 quas

332 2505 425 2565 supra
440 2485 604 2565 descripsi,
621 2484 841 2544 indicantibus:

719 2578 743 2643 r'
799 2574 827 2662 γ’
883 2576 911 2642 α’
967 2575 996 2661 β’
1053 2576 1078 2642 d

716 2660 749 2726 θ’
800 2662 830 2742 η’
885 2661 906 2726 ι’
970 2663 996 2738 ζ’
1054 2663 1079 2739 ς’

713 2746 755 2829 ιβ’
799 2745 838 2810 ιδ’
879 2746 914 2811 ιε’
960 2745 1000 2831 ιγ’
1049 2745 1097 2812 ια’.

332 2853 424 2932 Quod
446 2861 548 2911 autem
567 2851 698 2912 traditur
719 2854 843 2914 chorum
862 2854 1067 2914 Eumenidum
1087 2853 1125 2912 ab
1143 2853 1257 2914 Aeseh.
1278 2842 1431 2930 σποράδην
1439 2849 1465 2930 ⁴)

333 2936 537 2996 introductum
561 2956 644 3010 esse,
667 2958 707 2997 ex
735 2939 801 3016 ipso
832 2940 964 2997 carmine
993 2939 1175 3016 intelligitur
1198 2937 1319 2998 ordines
1346 2938 1416 2996 illos
1438 2959 1464 2998 s.

334 3009 467 3098 στοιχούς
487 3041 548 3079 uon
573 3021 679 3096 simul,
700 3023 755 3082 sed
775 3024 868 3082 alium
892 3033 961 3101 post
986 3024 1079 3084 alium
1102 3025 1262 3083 introiisse.
1304 3023 1384 3081 Nam
1403 3041 1466 3102 qua

334 3105 556 3166 exclamatione
577 3115 699 3166 cantum
717 3108 840 3185 incipit,
862 3127 943 3188 quae
964 3108 1093 3167 secundi
1106 3107 1219 3167 ordinis
1233 3108 1331 3186 prima
1346 3115 1407 3180 est,
1425 3125 1465 3164 ex

335 3211 372 3250 ea
386 3188 546 3269 probabile
566 3197 613 3248 est
637 3211 703 3250 eum
720 3191 856 3252 ordinem
878 3212 986 3252 reeens
1004 3193 1166 3265 advenire,
1195 3193 1268 3272 qnia
1290 3211 1344 3250 eae
1360 3190 1464 3250 excla-

333 3276 482 3333 mationes
501 3282 610 3351 sponte
627 3273 741 3335 debent
762 3288 778 3336 e
799 3285 924 3354 pectore
941 3297 1151 3355 prorumpere,
1171 3285 1202 3335 et
1218 3297 1254 3335 eo
1272 3277 1337 3354 ipso
1351 3284 1466 3352 tempo-

332 3360 374 3418 ris
393 3367 559 3430 momento,
575 3379 636 3438 qno
649 3361 746 3438 primo
764 3361 875 3420 iniuria
895 3362 1034 3423 sentitur.
1064 3361 1178 3421 Contra
1192 3362 1316 3420 tertium
1330 3359 1467 3418 ordinem

332 3444 508 3523 priusquam
526 3453 665 3518 caneret,
680 3447 850 3524 paullisper
871 3447 994 3505 affuisse
1010 3445 1082 3506 inde
1098 3455 1241 3524 apparet,
1262 3443 1345 3524 quod
1363 3445 1385 3502 ii
1400 3444 1466 3503 ani-

332 3547 413 3588 mum
433 3528 690 3608 tranquilliorem,
712 3531 826 3609 quippe
841 3550 968 3609 quorum
990 3531 1117 3608 agitatio
1130 3530 1292 3608 paullatim
1307 3527 1466 3600 resederit,

333 3631 515 3693 quamquam
529 3622 654 3691 propter
674 3625 833 3694 acceptam
848 3616 990 3674 iniuriam
1005 3615 1141 3693 graviter
1162 3615 1308 3673 afflictum
1324 3612 1465 3692 produnt.

333 3699 451 3756 Decem
466 3707 614 3756 commata
627 3699 730 3777 priora
746 3701 826 3759 enim
839 3701 935 3759 multo
950 3709 981 3758 et
995 3700 1137 3760 breviora
1153 3709 1184 3758 et
1198 3697 1238 3758 ad
1253 3699 1398 3757 maiorem
1411 3717 1467 3756 ve-

332 3781 518 3840 hementiam
533 3784 686 3842 concitata
700 3794 780 3843 sunt.
797 3783 886 3862 Quae
902 3794 1004 3844 autern
1017 3785 1131 3844 Furiae
1149 3784 1270 3864 quinae,
1286 3803 1348 3842 una
1364 3789 1467 3841 caete-

332 3883 382 3923 ras
398 3864 544 3938 ducente,
567 3867 738 3927 introirent:
760 3868 920 3947 probabile
939 3878 1061 3929 estnon
1075 3889 1136 3929 uno
1155 3868 1278 3951 στοιχῷ,
1299 3866 1355 3926 sed
1369 3874 1467 3926 cater-

337 3969 546 3980 0¹——

404 4010 680 4074 mundanarum.
702 4018 735 4066 de
762 4018 836 4068 chor.
857 4023 967 4082 system.
993 4037 1019 4084 p.
1047 4021 1096 4072 136
1120 4012 1191 4070 κατὰ
1211 4011 1280 4084 ζυγὰ
1297 4017 1467 4083 processisse

335 4085 443 4141 ⁰011⁸⁸i2
469 4086 500 4130 lli
522 4085 667 4148 quinquies
684 4086 756 4135 terni
778 4088 951 4139 intraverint.
1023 4088 1050 4153 2)
1075 4091 1185 4140 Pariter
1203 4089 1232 4137 in
1250 4088 1302 4138 tine
1319 4087 1409 4138 oratio
1430 4087 1468 4136 ad

334 4147 519 4211 ⁰⁰¹yPh⁸011m
543 4153 614 4202 redii
636 4153 731 4217 Agunt·
755 4155 773 4204 l.
791 4155 825 4219 l.,
850 4157 883 4208 de
907 4171 961 4222 quo
989 4173 1016 4208 v.
1037 4159 1126 4222 infra,
1151 4163 1179 4210 et
1196 4159 1224 4206 in
1241 4157 1362 4207 carmine
1380 4153 1466 4220 Soph.

335 4215 431 4280 Oedip.
457 4217 515 4268 Col.
540 4235 568 4271 v.
588 4221 636 4271 117
655 4238 732 4287 sqq.,
756 4225 834 4276 cuius
853 4241 901 4276 rvr
923 4232 1059 4278 commata
1084 4245 1143 4279 esse
1164 4227 1237 4278 nulla
1256 4229 1298 4277 est
1316 4225 1466 4287 dubitatio,

334 4285 370 4336 cl.
387 4286 479 4336 Herm.
498 4289 534 4338 ad
549 4305 575 4339 v.
596 4292 655 4341 eius
672 4291 728 4340 fab.
746 4293 806 4344 208.
877 4293 905 4358 3)
925 4295 967 4346 Oi.
986 4297 1078 4348 Herm.
1104 4299 1140 4346 ad
1166 4295 1249 4360 Soph.
1267 4294 1335 4345 Oed.
1357 4293 1414 4343 Col.
1436 4310 1465 4344 v.

334 4353 393 4406 208.
423 4371 450 4420 p.
473 4355 514 4408 56.
584 4357 612 4421 4)
637 4360 672 4408 Η.
692 4375 715 4409 e.
737 4353 771 4410 ori
791 4359 1018 4429 διακεκριμένως,
1037 4368 1131 4419 ordine
1150 4380 1205 4416 non
1226 4364 1296 4414 satis
1321 4367 1412 4424 certo,
1436 4379 1464 4413 v.

333 4425 429 4477 Herm·
446 4425 521 4478 Diss.
539 4426 573 4478 de
591 4427 638 4478 ch.
659 4429 737 4478 Eum.
762 4431 784 4481 1.
804 4447 830 4496 p.
853 4429 892 4482 13.
