3254 5304
307 386 367 451 182
671 389 712 440 De
733 387 921 454 interregibus
939 386 1078 440 Romanis.

305 579 378 620 vero
406 557 557 617 abhorret.
601 556 681 616 Nam
701 562 735 614 ut
758 553 969 633 antiquissimo
993 559 1127 630 tempore
1151 549 1258 612 decem
1279 551 1392 631 primos
1414 552 1449 612 in

305 653 414 706 senatu
438 643 577 702 Romano
604 641 699 699 fuisse
720 638 882 698 affirmanti
910 635 1034 710 eredas,
1061 637 1154 713 etiam
1180 636 1394 696 florentissima
1415 647 1449 698 et

306 728 539 810 opulentissima
559 724 737 804 republica,
763 743 823 803 quo
847 731 982 800 tempore
1002 721 1072 798 lege
1094 720 1284 800 potissimum
1298 721 1413 783 Ovinia
1422 723 1445 802 ¹)

308 833 425 874 ornnem
446 820 571 870 senatus
593 820 623 869 et
643 807 769 886 legendi
795 817 825 866 et
845 804 982 866 habendi
1006 807 1156 866 rationem
1180 813 1327 866 mutatam
1350 807 1448 870 fuisse

305 899 435 970 scimus,
456 893 586 955 credes?
614 896 709 954 Porro
741 913 780 952 ex
801 893 979 971 scriptorum
1000 890 1103 950 verbis
1123 911 1184 950 non
1203 891 1316 971 liquet,
1346 900 1447 953 utrum

305 981 388 1065 quod
408 981 580 1060 principum
608 979 688 1038 filios
708 979 740 1037 in
762 976 957 1056 disciplinam
976 974 1057 1036 tradi
1081 983 1205 1036 senatus
1228 975 1330 1050 iubet,
1350 978 1446 1037 semel

305 1069 418 1128 laetum
438 1066 586 1136 voluerit,
616 1084 668 1136 an,
694 1071 729 1122 ut
750 1063 864 1142 quique
892 1059 1098 1133 adoleverint,
1121 1061 1204 1120 omni
1226 1068 1364 1139 tempore
1385 1063 1447 1122 sint

304 1151 425 1221 traditi3
449 1151 476 1208 si
490 1150 549 1209 hoe
563 1167 670 1208 verum
687 1148 861 1218 existimas,
878 1166 981 1206 casum
998 1144 1174 1219 miraberis,
1191 1165 1251 1225 quo
1267 1145 1382 1206 factum
1396 1148 1445 1222 sit,

304 1245 338 1298 ut
353 1235 461 1296 eodem
477 1243 613 1311 tempore
636 1231 744 1292 decem
764 1232 854 1310 primi
871 1251 975 1290 omnes
998 1230 1077 1288 filios
1095 1229 1247 1290 haberent
1266 1229 1306 1290 ad
1326 1229 1445 1292 discen-

306 1322 376 1380 dam
396 1319 622 1396 haruspicinam
649 1324 772 1396 propter
800 1324 933 1375 aetatem
960 1325 992 1374 et
1019 1315 1112 1374 animi
1133 1313 1268 1374 indolem
1289 1323 1391 1394 aptos3
1420 1318 1447 1378 si

306 1403 398 1477 illud,
421 1403 667 1482 praerogativam
688 1409 771 1460 certe
798 1400 904 1460 decern
926 1402 1089 1478 primorum
1109 1399 1283 1472 miraberis,
1307 1420 1369 1480 qua
1389 1401 1447 1462 filii

307 1510 408 1551 eorum
424 1507 528 1547 omnes
539 1486 764 1564 haruspicinam
780 1484 943 1546 discerent.
970 1485 1081 1565 Neque
1095 1485 1176 1543 enim
1189 1503 1225 1544 eo
1237 1484 1350 1545 honore
1363 1486 1446 1563 apud

304 1577 460 1636 Romanos
478 1572 656 1652 haruspices
677 1571 818 1645 fuerunt,
842 1590 932 1649 quem
954 1569 1145 1649 appetivisse
1159 1589 1347 1648 magnopere
1362 1572 1446 1649 prin·

306 1662 390 1739 cipes
404 1659 557 1718 Romanos
574 1655 722 1736 credibile
737 1655 787 1714 sit.

366 1743 475 1816 Locis,
491 1741 601 1820 quihus
618 1739 726 1800 decem
741 1741 855 1820 primos
871 1740 1100 1799 commemorari
1114 1738 1264 1800 Niebuhr.
1282 1740 1445 1815 existimat,

304 1828 383 1888 nihil
400 1825 593 1886 tribuendum
609 1824 756 1900 vidimus3
780 1833 919 1904 superest
935 1832 970 1884 ut
983 1843 1180 1903 quaeramus,
1204 1845 1276 1884 num
1291 1825 1446 1886 sententia

305 1915 360 1974 illa
373 1932 429 1990 per
445 1931 478 1970 se
493 1913 536 1970 ita
551 1911 591 1970 sit
601 1909 786 1989 probabilis,
803 1917 838 1968 ut
852 1910 925 1970 licet
939 1910 1033 1970 nullis
1050 1910 1230 1987 scriptorum
1246 1909 1322 1970 locis
1337 1911 1445 1970 confir·

304 2007 386 2058 mata
406 2005 508 2055 tamen
523 1994 651 2054 defendi
669 2002 700 2053 et
720 1992 826 2053 decern
841 1994 952 2073 primos
973 1995 1004 2054 in
1027 2003 1136 2054 senatu
1151 1995 1247 2054 fuisse
1263 1993 1303 2052 ad
1317 1995 1445 2054 interre-

305 2099 376 2160 gum
391 2081 546 2140 decuriam
561 2077 777 2158 explicandam
792 2078 877 2138 credi
891 2079 996 2158 possit.
1029 2079 1170 2140 Iamvero
1184 2079 1286 2139 nullus
1302 2088 1366 2140 erat
1381 2100 1443 2138 ma-

304 2168 462 2246 gistratus,
487 2165 606 2224 nullum
632 2162 851 2236 sacerdotium,
873 2165 948 2244 quin
971 2164 1142 2243 aequaliter
1163 2165 1243 2224 inter
1263 2164 1391 2224 Latinos
1414 2173 1447 2224 et

305 2250 447 2312 oriundos
466 2270 485 2308 a
501 2249 624 2310 Sabinis
650 2247 854 2324 divideretur3
878 2268 968 2326 reges
987 2268 1027 2308 ex
1047 2258 1177 2329 utraque
1198 2256 1291 2327 gente
1312 2248 1445 2310 alterna-

305 2337 396 2409 bant,
417 2335 576 2414 pontifices
597 2353 727 2411 augures
746 2334 883 2394 vestales
907 2333 1030 2394 fetiales
1046 2342 1172 2412 atquae
1188 2333 1251 2392 alia
1266 2341 1336 2394 sunt
1350 2334 1444 2394 colle·

305 2423 356 2499 gia
374 2420 442 2498 pari
464 2438 589 2477 numero
617 2437 656 2476 ex
680 2418 801 2476 Latinis
822 2426 909 2478 erant
931 2427 961 2478 et
983 2415 1149 2494 Sabinis2).
1188 2417 1331 2478 Unumne
1352 2419 1445 2480 inter·

304 2525 432 2583 regnum
452 2504 525 2562 solis
543 2503 664 2562 Latinis
686 2503 866 2580 permissum
886 2500 1003 2562 fuisse?
1033 2501 1085 2562 An
1105 2503 1185 2562 forte
1202 2503 1227 2562 is
1249 2502 1445 2580 magistratus

306 2592 348 2650 ita
367 2589 482 2650 nullius
501 2589 646 2648 momenti
667 2595 733 2646 erat
753 2607 855 2668 neque
880 2588 912 2646 in
931 2587 995 2646 ullo
1016 2586 1189 2646 discrimine
1208 2587 1394 2666 ponebatur,
1410 2597 1447 2650 ut

306 2661 436 2736 Sabinos
450 2675 565 2734 honore
586 2674 640 2751 qui
657 2673 722 2732 sere
736 2672 852 2731 nullius
868 2672 959 2750 pretii
975 2681 1066 2743 esset,
1083 2671 1176 2732 facile
1194 2672 1322 2732 cessisse
1337 2674 1444 2733 verisi-

304 2758 450 2818 milesit?
484 2757 528 2816 Ar
541 2765 748 2835 postregnum
762 2757 840 2816 nihil
854 2759 1028 2835 interregno
1042 2756 1187 2836 grandius
1203 2765 1235 2816 et
1248 2758 1370 2818 maioris
1381 2779 1445 2818 mo·
1475 2793 1483 2806 ·

305 2843 418 2914 menti,
435 2862 496 2900 non
514 2841 611 2900 solum
627 2839 710 2919 quod
723 2859 778 2917 pro
792 2849 965 2918 rege,esset
990 2842 1043 2919 qui
1064 2842 1242 2918 fungeretur
1264 2862 1301 2902 eo
1320 2841 1444 2918 honore,

305 2925 361 2986 sed
377 2924 458 3005 quod
477 2925 550 2984 novi
571 2925 652 3001 regis
675 2925 790 2984 creatio
811 2926 840 2983 ei
862 2927 1011 2986 eveniret.
1043 2925 1132 3004 Quae
1146 2925 1271 3006 quidem
1285 2928 1363 2986 tanti
1378 2937 1447 2990 erat

306 3031 345 3070 ex
360 3017 498 3069 veterum
509 3009 660 3089 opinione,
675 3017 709 3068 ut
724 3017 877 3070 certantes
892 3011 1023 3070 Romulo
1037 3019 1155 3070 mortuo
1171 3009 1276 3070 Latini
1290 3019 1321 3070 ct
1336 3011 1447 3072 Sabini

307 3115 343 3156 eo
358 3103 449 3172 paeto
465 3095 497 3154 in
512 3093 676 3152 amicitiam
696 3093 825 3154 rediisse
843 3103 1018 3170 narrentur,
1040 3105 1075 3156 ut
1096 3097 1174 3156 alter
1194 3094 1267 3154 ordo
1290 3114 1330 3156 ex
1345 3097 1444 3170 altero

304 3199 408 3257 regem
425 3186 557 3253 crearet3
580 3178 685 3236 Latini
700 3177 810 3258 quibus
826 3181 907 3258 optio
923 3179 1046 3240 daretur
1061 3201 1079 3240 a
1096 3180 1236 3253 Sabinis,
1258 3180 1324 3240 sive
1338 3201 1446 3259 regem

304 3265 448 3323 Latinum
463 3283 482 3322 a
496 3261 619 3322 Sabinis
639 3264 819 3352 erearipive
840 3265 900 3342 ipsi
915 3262 1063 3324 Sabinum
1085 3284 1190 3326 creare
1208 3264 1335 3338 vellent,
1348 3285 1446 3344 regno

306 3349 493 3408 creationem
506 3348 587 3424 regis
602 3348 786 3425 praetulisse
793 3345 828 3424 ⁸).

365 3433 436 3492 Hae
457 3451 584 3492 caussae
607 3441 692 3507 sunt,
713 3433 751 3492 oh
769 3453 846 3512 quas
867 3432 1030 3492 Niebuhrii
1044 3435 1227 3494 sententiam
1240 3453 1343 3514 neque
1357 3443 1445 3497 vete-

303 3539 369 3578 rum
385 3517 462 3578 loeis
478 3518 649 3578 confirmari
670 3537 774 3597 neque
794 3537 850 3596 per
871 3516 1112 3597 reprobabilem
1132 3538 1199 3578 esse
1224 3519 1445 3580 existimemus.

303 3603 446 3664 Nostram
461 3603 643 3664 sententiam
657 3603 843 3681 proposituri
865 3600 945 3662 idem
965 3600 1047 3681 quod
1065 3601 1215 3664 Niebuhr.
1231 3605 1320 3682 quasi
1334 3603 1444 3664 finda-

303 3697 451 3762 mentnm‚
474 3708 534 3768 quo
556 3687 678 3746 insistat
699 3687 853 3764 quaestio,
877 3685 1039 3760 habemus,
1058 3685 1141 3767 quod
1156 3686 1264 3751 decem
1279 3688 1374 3754 fuisse
1389 3708 1445 3766 pa·

302 3780 381 3832 trum
396 3771 537 3830 decurias
553 3779 585 3830 et
600 3769 706 3830 decem
721 3770 867 3848 deinceps
883 3771 1052 3848 interreges
1075 3779 1200 3850 propter
1221 3771 1304 3832 Livii
1324 3782 1356 3833 et
1368 3773 1443 3832 Plu·

271 3864 274 3870 '
302 3857 401 3916 tarebi
420 3857 632 3916 auctoritatem
649 3875 704 3933 pro
723 3863 805 3914 certo
820 3856 968 3933 ponimus.
1002 3855 1180 3916 Difficultas
1208 3865 1325 3932 autem,
1351 3877 1446 3939 quam

303 3960 445 3999 numerus
461 3949 636 4000 senatorum
656 3939 766 4014 habet,
789 3939 884 3998 omnis
904 3940 990 3998 facili
1005 3939 1093 4000 modo
1110 3938 1291 4020 expeditur,
1308 3942 1334 4002 si
1349 3942 1444 4004 inter-

302 4042 430 4098 regnum
454 4031 485 4080 et
505 4024 605 4099 ipsum
627 4019 705 4096 inter
725 4023 853 4083 Latinos
874 4031 905 4084 et
928 4024 1058 4084 Sabinos
1078 4025 1247 4086 alternasse
1269 4026 1377 4100 sumis,
1398 4035 1443 4102 ut,

373 4246 400 4314 1)
423 4251 522 4300 Festus
539 4267 561 4301 s.
578 4267 605 4301 v.
625 4254 767 4315 praeteriti
780 4259 936 4307 senatores:
956 4258 1057 4310 Ovinia
1076 4259 1225 4310 tribunicia
1244 4262 1371 4310 sanetum
1389 4261 1444 4322 est,

304 4323 336 4370 ut
353 4335 481 4372 censores
504 4335 536 4370 ex
556 4321 629 4370 omni
647 4321 742 4373 ordine
759 4325 890 4388 optimum
909 4341 1041 4392 quemque
1061 4329 1192 4380 curiatim
1210 4328 1240 4380 in
1259 4332 1386 4380 senatum
1403 4326 1444 4378 le·

302 4395 406 4454 gerent.
435 4389 490 4440 Cir.
509 4389 639 4442 Niebuhr.
665 4391 687 4453 I,
707 4392 805 4456 posu
826 4394 976 4460 Goettling.
995 4413 1021 4462 p.
1034 4396 1094 4448 345.
1166 4399 1194 4460 2)
1214 4399 1248 4448 V.
1266 4396 1397 4450 Niebuhr.
1416 4397 1442 4460 1,

302 4475 330 4526 p·
349 4459 400 4512 335
418 4475 478 4528 sqq.
549 4458 576 4524 3)
597 4462 629 4515 V.
648 4459 787 4513 Plutarch.
805 4465 885 4515 Num.
904 4482 929 4515 c.
948 4457 1001 4517 111.
1022 4467 1138 4533 Dionys.
1154 4467 1192 4531 11,
1212 4467 1255 4518 58.
