3230 5308
342 439 384 503 20
709 444 751 496 De
767 443 933 532 carminibus
949 443 1109 512 Aeschyleis

344 607 461 689 daut¹).
499 609 627 669 Scilicet
650 608 859 687 eocyclemate
880 609 963 668 lacto
971 606 997 688 ²)
1021 609 1248 686 conspiciuntur
1262 610 1383 670 ,Furiae
1405 607 1474 669 dor·

342 697 472 754 micutes
494 695 525 753 iu
547 693 655 773 adyto,
689 694 928 771 expergefactae
948 703 1144 771 procurrunt,
1170 703 1205 752 ut
1219 713 1361 774 quaeque
1378 696 1477 773 prima

344 779 461 840 Orestis
480 780 584 856 fugam
599 777 830 852 animadvertit,
852 780 884 838 in
896 779 1031 838 lamenta
1046 788 1258 858 prorumpunt3
1275 781 1335 838 iam
1350 789 1383 838 tu
1399 799 1476 852 eam,

342 884 421 944 quae
440 873 578 924 caeteras
595 864 801 937 excitaverat,
830 865 1062 944 quamprimum
1079 884 1118 923 ex
1135 863 1230 944 adyto
1249 865 1434 943 processisse
1456 884 1473 922 s

339 970 370 1009 v.
380 958 430 1013 137
446 957 684 1009 cousentaneum
699 957 761 1022 est,
776 947 899 1028 putabis
915 949 1010 1009 solam
1026 957 1107 1010 stare
1121 951 1256 1021 tacitam,
1272 969 1374 1028 neque
1386 969 1474 1009 suum

341 1043 489 1113 acceptae
503 1035 633 1094 iniuriae
649 1053 771 1093 sensnm
788 1033 930 1111 aperire?
961 1033 1050 1092 Adeo
1066 1034 1251 1093 scholiastae
1270 1036 1476 1094 testimouium

338 1119 503 1193 habemus,
525 1118 566 1178 sd
587 1139 617 1178 v.
637 1127 688 1182 249
703 1118 909 1177 Eumenidum
924 1118 945 1177 l.
966 1139 1062 1198 prope
1082 1119 1204 1197 gemino
1221 1118 1351 1178 eandem
1371 1139 1475 1198 perso-

339 1223 411 1262 nam
431 1213 554 1263 cantum
574 1203 725 1280 incipere,
757 1204 844 1261 ouius
866 1202 1085 1264 antecedentes
1107 1204 1236 1264 trimetri
1253 1203 1377 1264 fuerint.
1412 1205 1476 1264 Nc·

342 1309 402 1369 que
417 1290 514 1366 magis
528 1286 689 1366 probabile
706 1296 766 1360 est,
782 1287 864 1368 quod
881 1286 963 1346 idem
975 1288 1079 1348 Herm.
1095 1289 1253 1367 proponit,
1277 1309 1399 1348 versum
1414 1290 1476 1368 pri-

341 1393 423 1432 mum
441 1365 490 1432 lod
508 1362 556 1431 ίοῦ
570 1363 667 1444 πόπαξ
684 1393 714 1432 v.
730 1374 820 1432 tertio
836 1380 867 1432 et
882 1381 989 1452 quarto
1004 1373 1043 1432 ab
1060 1373 1168 1434 eadem
1182 1374 1278 1434 Furia
1293 1375 1474 1447 continuari,

342 1457 486 1537 idemque
508 1460 540 1516 in
556 1459 673 1517 antistr.
692 1458 768 1518 fieri.
794 1456 865 1534 Qua
878 1457 998 1516 ratione
1014 1468 1138 1525 caetera
1153 1457 1286 1518 describi
1301 1459 1414 1532 vellet,
1436 1459 1476 1520 V.

342 1540 389 1602 Ol.
412 1565 474 1603 nen
502 1540 665 1620 addidit⁸).
711 1543 780 1620 Ego
803 1562 925 1602 carmen
944 1542 1027 1601 huuc
1047 1544 1079 1602 in
1098 1543 1220 1604 modum
1242 1541 1476 1604 describendum

341 1647 409 1687 esee
424 1628 568 1703 arbitror,
591 1627 702 1700 literis,
720 1646 797 1706 quas
817 1628 960 1705 apposui,
985 1637 1141 1703 cantores,
1163 1629 1216 1710 qui
1237 1636 1301 1688 tum
1322 1630 1479 1688 sententia

342 1719 406 1770 tum
424 1715 556 1773 statione
577 1711 636 1770 s'ibi
655 1711 858 1790 respondent,
883 1712 1138 1790 significantibus.

508 1813 642 1892 Strophs
656 1806 694 1870 α’.
719 1810 859 1892 (Πρῦτος
874 1805 1011 1891 στοιχός).

674 1912 777 1990 Χοροῦ
791 1903 808 1971 ὃ
828 1902 856 1972 τί.

508 2001 548 2062 A.
567 1988 627 2059 Ἰοῦ
642 1988 689 2059 λοῦ
705 1989 819 2072 πόπαξ,
834 1988 1044 2076 ἐπάθομεν,
1059 1997 1153 2078 φίλαι.

674 2097 777 2175 Χοροῦ
798 2089 814 2158 ὁ
829 2091 867 2176 β.

508 2183 548 2246 A.
564 2167 711 2244 Ἦπολλῦ
730 2173 766 2260 δὴ
782 2183 963 2242 παθοῦσα
977 2180 1029 2244 καλ
1046 2176 1142 2262 μάτην
1159 2177 1223 2265 ἐγώ.

674 2283 776 2364 Χοροῦ
792 2273 808 2342 ὃ
825 2277 861 2363 γ’.

505 2369 546 2428 A.
564 2359 779 2445 Ἐπῦθομεν
795 2360 922 2442 πάθος
938 2367 1074 2448 ῦοοαχές,
1095 2353 1119 2430 ὦ
1136 2361 1245 2448 πόποι,

572 2443 705 2533 ἄφερτον
723 2446 825 2512 κακόν.

674 2552 777 2630 Χοροῦ
792 2542 809 2612 ὁ
824 2543 859 2616 δ’.

504 2639 541 2698 Β.
559 2625 608 2710 Ἐξ
626 2625 781 2716 ῦρκῦονν
796 2635 967 2718 πέπτωκεν,
982 2638 1094 2718 οἴχεται
1111 2629 1139 2699 δ’
1160 2635 1276 2724 «idtio.

672 2738 775 2817 Χοροῦ
790 2729 806 2797 ὅ
822 2736 843 2799 ἐ.

508 2823 545 2882 Β.
558 2813 667 2904 Ὕπνῳ
684 2814 858 2899 κρατηθεῐσ’
876 2815 996 2908 ῦνραν
1012 2817 1115 2886 ὤλεσα.

505 2906 635 2967 Antistr.
650 2898 685 2965 α’.
709 2899 871 2988 (Δεύτερος
885 2904 1023 2990 στοιχός).

675 3009 778 3086 Χοροῦ
795 2997 863 3084 ὅς’.

506 3090 547 3151 A.
564 3078 613 3150 ’Id
629 3096 687 3150 παῖ
700 3087 792 3169 Διός,
807 3087 1014 3170 ἐπίκλοπος
1027 3093 1111 3180 πέλῃ.

673 3194 776 3273 Χοροῦ
789 3184 806 3254 ὃ
821 3189 855 3266 ζ’.

507 3277 543 3338 Β.
567 3273 646 3349 Νέος
661 3274 693 3338 δέ
707 3280 810 3360 γραίας
826 3279 969 3360 δαίμονας
984 3275 1175 3342 καθιππάσω.

668 3370 802 3458 Χοροῦῦ
817 3375 852 3458 η’.

506 3464 543 3524 Β.
568 3454 628 3522 Τὸν
644 3461 744 3526 ίκέταν
759 3463 854 3565 σίβΙων
868 3458 964 3528 ῦθὲον
979 3459 1076 3552 α’ίνῦρα
1091 3465 1141 3528 καὶ

571 3566 709 3610 τοκεῦσιν
723 3572 841 3668 πικρον.
916 3636 923 3646 Ι

665 3653 767 3730 Χοροῦ
783 3675 800 3713 ο
815 3645 854 3713 θ’.

502 3733 542 3795 A.
567 3724 628 3793 Τῦν
643 3737 824 3816 μητραλοίαν
840 3729 867 3796 δ’
884 3735 1091 3816 ἐξέκλεψας
1106 3730 1149 3806 οῦν
1163 3736 1243 3814 θεός.

339 4018 345 4030 ι
410 3947 435 4012 λ)
453 3952 487 4000 V.
507 3953 575 4002 Eius
595 3955 713 4006 Dissert.
742 3957 776 4008 de
798 3955 888 4006 choro
906 3957 984 4008 Eum.
1005 3960 1028 4008 Ι.
1100 3961 1128 4027 2)
1153 3963 1345 4029 Eocyclemate
1367 3962 1468 4014 Aesch.

338 4031 367 4064 m
387 4017 479 4086 sabb,
501 4035 570 4082 quae
594 4031 758 4087 supersunt,
783 4031 826 4075 ter
849 4041 918 4076 usus
937 4031 979 4078 est
996 4028 1075 4080 Eum.
1095 4047 1122 4082 v.
1141 4032 1184 4082 65.
1222 4033 1342 4098 Choeph.
1361 4049 1387 4083 v.
1408 4031 1469 4083 965.

338 4085 434 4164 Agara.
452 4087 575 4165 V·.¹3⁷3.·
612 4091 654 4140 Ad
673 4093 746 4144 Choe
765 4093 791 4142 lt.
811 4110 828 4144 a
846 4095 930 4145 schol.
950 4101 1077 4150 notaturz
1103 4092 1254 4166 lluolystou
1273 4092 1291 4166 ἡ
1311 4093 1471 4165 experisci

337 4167 437 4216 οραται
465 4170 499 4235 τα
524 4168 640 4237 copore
665 4151 711 4234 ἐπ’
725 4110 950 4242 ιίῦκυκλήματος.
994 4168 1036 4219 De
1061 4171 1161 4234 eccycl.
1189 4171 1225 4221 cf.
1250 4171 1320 4222 Poll.
1339 4171 1387 4230 IV,
1409 4171 1468 4220 128.

336 4223 504 4303 Praesertim
522 4241 550 4274 m
567 4227 662 4292 Agam.
679 4230 697 4280 l.
716 4232 794 4295 plura
812 4237 890 4296 sunt,
912 4251 983 4300 quae
1002 4239 1184 4304 eeeyclemste
1203 4241 1310 4290 demum
1329 4246 1403 4291 recto
1424 4256 1471 4289 ex-

338 4289 485 4372 plpeantur.
506 4293 543 4376 ci..
561 4311 587 4346 v.
608 4299 683 4349 1380.
704 4301 770 4352 1405
788 4318 830 4366 sq.
851 4303 917 4354 1447
940 4322 981 4371 sq.
1003 4308 1070 4358 1474
1086 4325 1126 4373 sq.
1204 4309 1232 4373 3)
1254 4309 1344 4359 Aliam
1369 4309 1470 4360 descri-

336 4366 458 4425 ptsonem
482 4363 558 4413 dedst
579 4366 625 4414 Fr.
644 4369 759 4420 Passer.
785 4375 849 4422 unte
865 4373 951 4423 Iudic.
972 4377 1116 4440 praeleett.
1146 4379 1334 4431 Vratislaviae
1361 4383 1471 4429 aestate

340 4447 366 4480 a.
383 4431 450 4482 1830
463 4431 575 4496 habiit-3
595 4452 632 4487 xv
649 4453 780 4501 personas
794 4442 835 4490 ita
847 4442 952 4507 effecit,
975 4450 1006 4494 ut
1024 4448 1137 4510 saepius
1151 4453 1248 4498 contra
1266 4449 1353 4514 legem
1372 4464 1472 4516 pecca-

335 4504 392 4562 ret,
407 4517 461 4566 qua
471 4518 648 4566 personarum
654 4507 729 4559 vices
742 4509 837 4559 iisdem
850 4513 979 4577 strophae
994 4518 1021 4564 et
1032 4517 1142 4565 antistr.
1158 4517 1186 4566 ll.
1198 4517 1255 4568 lieri
1267 4519 1376 4568 debent.
