3246 5328
541 409 582 460 De
600 408 727 476 Aeschyli
745 408 954 475 Agamemnone.
1271 407 1311 465 45

181 581 330 632 taemnest
331 593 379 645 ra,
402 575 513 655 quod
506 595 588 654 1psa,
615 593 705 654 quam
729 571 846 631 Chorus
863 583 988 652 propter
1004 595 1097 652 accep
1100 583 1162 632 tum
1180 573 1312 632 faustum

180 658 324 716 nuncium
346 651 515 758 εὐαγγέλια.
522 659 743 718 sacrificantem
762 656 875 731 videat,
895 667 961 716 tant
962 679 1010 716 um
1030 679 1085 736 spe
1104 658 1178 732 fore,
1194 668 1228 716 ιιι
1246 659 1311 716 fau·

181 751 258 798 stum
281 745 425 816 nuncium
451 745 582 822 accipiat
570 741 656 802 tvel
677 741 844 819 acceperit,
868 703 1138 818 εὐαγγέλοισιν
1163 739 1312 799 ἐλπίσιν

180 810 351 885 sacrificare
374 828 455 886 dicat
444 838 500 887 ιιι.ι
545 826 638 888 Unde
652 824 832 904 respondet:
806 826 1001 883 tFaustnm
1015 828 1158 884 nuncium
1178 817 1311 903 (εὐάγγε-

180 911 229 978 λος
249 906 342 986 μὲν)
333 932 401 990 ipsa
419 911 479 970 diei
496 914 550 970 lux
570 910 721 980 declaret,
744 908 850 966 audies
865 909 1008 986 gaudium
1023 926 1076 983 spe
1093 911 1200 968 mains.
1231 909 1310 968 Cho-

180 1014 230 1051 rus
245 995 370 1054 Troiam
398 1006 517 1074 captam
541 993 669 1053 audiens
693 995 822 1072 primum
843 1003 967 1071 propter
989 992 1231 1070 magnitudinem
1253 997 1308 1066 rei,

181 1096 259 1155 quae
274 1077 365 1136 fidem
382 1079 524 1153 excedat,
547 1099 580 1138 se
596 1099 658 1138 non
676 1079 749 1137 satis
767 1077 972 1151 intellexisse,
992 1097 1063 1136 mox
1078 1079 1223 1157 repetitis,
1243 1079 1309 1157 qui-

179 1159 236 1218 bus
250 1160 342 1218 fidem
364 1183 424 1220 non
441 1163 603 1236 habuerat,
626 1183 700 1240 prae
715 1161 827 1238 gaudio
841 1161 973 1220 lacrimis
990 1163 1093 1220 oculos
1109 1183 1179 1220 suos
1195 1162 1309 1222 offundi
1353 1180 1356 1184 ·

180 1245 236 1317 ait,
259 1244 313 1303 sed
326 1266 517 1326 quamquam
540 1247 731 1306 collaudatus
752 1245 789 1303 ob
812 1244 993 1304 benevolum
1014 1247 1046 1304 in
1062 1267 1152 1323 reges
1168 1248 1307 1320 animum,

179 1327 288 1386 iterum
309 1329 348 1386 ad
369 1329 589 1391 dubitationem
610 1330 703 1403 redit,
724 1329 921 1409 quaeritque,
944 1330 1024 1410 quod
1048 1340 1161 1390 certum
1181 1332 1247 1390 'eins
1263 1332 1309 1388 rei

178 1413 284 1488 regina
305 1413 517 1474 documentum
538 1414 660 1473 habeat.
707 1413 776 1491 Quo
795 1415 903 1472 iterum
922 1416 1051 1488 offensa,
1074 1415 1232 1495 superbius
1247 1436 1308 1474 non

178 1495 258 1573 quod
286 1495 495 1558 documentum
520 1499 653 1571 habeat,
685 1497 741 1558 sed
775 1518 827 1556 cnr
854 1520 916 1558 non
947 1499 1005 1558 sibi
1033 1500 1243 1560 documentum
1270 1500 1309 1558 sit

177 1579 360 1677 respondet:

354 1657 471 1724 Έσιι··ν
486 1643 559 1724 τίιι
578 1656 659 1743 οιιχί;
682 1687 723 1742 μη
714 1655 920 1738 δολώσαντος
942 1667 1026 1725 θεοῦ.

177 1749 241 1806 Ιιιιι
268 1761 396 1828 sequent
384 1751 464 1811 tibus
486 1751 592 1812 chorus
622 1750 756 1811 ostendit
781 1771 814 1810 se
843 1774 949 1832 parum
983 1752 1118 1811 mulieris
1145 1751 1306 1829 sagacitati

178 1833 349 1910 confidere3
373 1837 492 1915 quaerit
514 1837 609 1906 enim,
630 1857 702 1895 num
726 1838 849 1896 somniis
868 1858 907 1897 an
928 1838 1005 1896 forte
1027 1836 1195 1895 rumoribus
1213 1835 1306 1894 fidem

176 1917 339 1976 habuerit?
369 1921 499 2001 Utrique
524 1921 756 2000 interrogationi
780 1920 1025 1999 Clytaemnestra
1051 1921 1160 1980 acerbe
1180 1941 1304 2000 respon-

178 2001 238 2061 det
283 2004 439 2078 Tandem,
463 2007 571 2064 certior
592 2007 706 2079 factus,
730 2026 791 2085 qua
804 2009 922 2065 ratione
938 2007 1045 2082 regina
1059 2007 1202 2064 nuncium
1218 2026 1304 2064 acce-

177 2087 265 2164 perit,
282 2087 309 2145 ei
320 2107 365 2146 rer
356 2079 470 2147 fidem
484 2090 598 2148 habere
614 2090 734 2148 videtur
751 2101 780 2149 ιι
794 2111 823 2148 v.
841 2099 892 2154 344
906 2099 1053 2188 sequente
1071 2092 1204 2148 carmine
1219 2091 1303 2148 Deos

177 2179 243 2229 tant
245 2171 255 2228 i
231 2171 414 2230 tbeneficii
435 2182 580 2234 auctores
591 2195 625 2234 se
643 2173 778 2233 celebrat
766 2184 864 2233 turum
880 2175 1035 2253 promittit.
1346 2184 1350 2192 ’

260 2255 479 2333 Argumentum
502 2258 629 2318 secundi
648 2259 787 2317 carminis
809 2259 867 2318 hoc
887 2267 945 2317 est:
973 2257 1151 2316 Praemissis
1169 2275 1301 2333 anapae-

175 2341 229 2399 stis
244 2341 328 2400 Deos
344 2342 508 2419 compellat
523 2352 553 2402 et
569 2345 681 2421 gratias
694 2345 765 2420 agit,
782 2343 864 2422 quod
879 2344 1035 2402 victoriam
1047 2340 1196 2400 dederint.
1220 2341 1303 2399 Dein

175 2433 322 2487 aas-410
344 2445 362 2482 a
378 2427 474 2485 Troia
496 2437 672 2506 expugnata
687 2428 726 2486 ad
746 2447 812 2486 eam
829 2429 1049 2505 cogitationem
1061 2427 1185 2498 transit,
1202 2435 1235 2483 ut
1250 2426 1301 2484 de-

174 2528 234 2566 nuo
249 2509 307 2567 hoc
324 2512 497 2589 exemplum
512 2513 610 2572 iustae
626 2511 780 2570 vindictae
792 2533 811 2570 a
823 2513 882 2570 Dis
896 2512 1010 2570 editum
1020 2511 1110 2584 dicat,
1124 2520 1153 2569 ιι
1167 2511 1303 2589 pluribus

175 2593 272 2650 virum
288 2595 430 2652 iniustum
449 2595 485 2654 ob
506 2598 614 2656 nimias
638 2597 758 2655 aedium
777 2596 900 2655 divitias
921 2597 952 2653 in
972 2596 1072 2654 scelus
1096 2604 1233 2652 ruentem
1251 2594 1302 2652 de·

174 2677 287 2736 scribat
302 2688 332 2737 et
348 2681 521 2758 exemplum
535 2682 605 2740 talis
617 2682 748 2740 hominis
763 2690 856 2759 ponat
869 2680 1023 2738 Paridem.
1067 2679 1190 2738 Deinde
1209 2698 1301 2757 expo-

173 2763 234 2835 nit,
253 2773 346 2842 quant
348 2764 372 2822 is
334 2764 437 2822 thie
452 2776 540 2844 rapta
508 2767 678 2825 tHaelena
693 2765 835 2824 calamita
836 2764 916 2824 tibus
931 2765 1113 2823 affeceritet
1126 2763 1302 2822 Menelaum

175 2845 348 2944 (395-415)
375 2858 405 2906 et
425 2870 497 2908 nnn
501 2871 598 2910 ersam
619 2849 781 2910 Graeciam
804 2847 987 2928 (trs-436)
1034 2848 1123 2926 Quae
1145 2869 1302 2926 exponens

173 2921 262 2990 sirirul
278 2933 416 3010 populi'
408 2955 439 2990 m
457 2934 582 2994 Atridas
596 2944 721 3033 propter
739 2945 910 3013 susceptam
928 2932 1154 3013 expeditionem
1173 2934 1232 2991 iras
1248 2932 1300 2991 de-

174 3015 326 3075 scribitet
349 3015 388 3074 ad
402 3018 658 3078 sollicitudines'
650 3041 682 3078 m
700 3019 752 3092 iis,
782 3039 861 3098 quae
882 3019 940 3077 hoc
965 3039 1086 3078 carmen
1107 3016 1301 3092 antecedunt,

173 3101 294 3178 saepius
311 3102 496 3178 significatas
510 3103 647 3168 rediens.
649 3103 872 3180 Agamemnoni
888 3113 919 3162 et
934 3103 970 3161 ob
986 3103 1041 3162 has
1059 3105 1170 3162 civium
1188 3105 1248 3161 iras
1271 3063 1302 3160 ιι

173 3183 211 3241 ob
227 3205 335 3244 causas
351 3206 442 3263 supra
456 3187 606 3246 indicatas
622 3186 787 3246 timendum
805 3207 872 3246 esse
892 3189 948 3262 ait,
963 3197 1119 3251 sao-461
1156 3187 1300 3266 Denique

172 3269 205 3325 in
224 3269 321 3347 epodo
335 3263 482 3328 muliebre
500 3269 573 3348 Clyt
575 3292 697 3331 aemnes
699 3281 764 3330 trae
780 3272 938 3350 imperium
951 3274 1064 3350 tangit,
1081 3283 1112 3333 et
1127 3293 1245 3331 omnem
1261 3271 1300 3329 de

172 3353 266 3409 Troia
291 3362 446 3430 expugnat
448 3373 466 3410 a
489 3366 592 3415 narrat
594 3357 695 3415 ionem
714 3376 821 3433 parum
842 3357 1039 3415 verisimilem
1066 3377 1133 3416 esse
1160 3357 1299 3430 affirmat,

171 3444 327 3498 eoa-erl.
364 3435 547 3513 Videamus,
564 3460 624 3536 quo
641 3459 725 3498 nexu
741 3440 861 3516 singula
880 3443 958 3500 inter
974 3461 1007 3498 se
1023 3443 1244 3500 contineantur.

243 3520 312 3598 Quo
332 3520 439 3618 magis·
449 3521 570 3580 chorum
591 3525 766 3600 insperatae
781 3525 927 3584 victoriae
943 3524 1054 3600 gaudio
1076 3525 1175 3582 efferri
1191 3543 1299 3600 exspe·
1310 3539 1319 3599 ιι

172 3613 285 3678 ctares,
303 3625 338 3663 eo
354 3606 477 3681 gravius
496 3627 563 3666 esse
586 3605 678 3666 debet
694 3628 760 3666 eum
769 3609 896 3684 ,paucis
911 3609 942 3665 in
958 3609 1131 3684 anapaestis
1146 3608 1205 3665 Dis
1221 3602 1319 3664 ιοιιιὶ1

171 3690 342 3766 pellatis,
334 3710 365 3747 m
382 3690 449 3767 ipso
469 3693 602 3749 carmine
622 3691 660 3749 de
678 3692 806 3750 victoria
827 3693 919 3765 nihil,
944 3701 975 3749 ιι
1002 3692 1097 3749 multa
1120 3690 1189 3750 de
1181 3691 1273 3749 rniust
1275 3682 1315 3750 ιι

172 3773 341 3832 hominibus
355 3774 527 3872 puniendis,
544 3773 656 3834 deinde
672 3775 911 3852 indignationem
932 3783 1036 3834 contra
1051 3775 1186 3849 Atridas,
1203 3777 1316 3852 aegri

171 3856 307 3916 tudinem
324 3859 432 3932 animi,
457 3859 679 3918 sollicitudines
702 3861 881 3938 exprimere.
926 3859 1110 3918 Tenendum
1132 3869 1179 3919 est
1200 3868 1301 3918 autem

171 3942 238 4000 eius
254 3943 353 4000 animo
370 3963 463 4001 unum
482 3943 739 4020 Agamemnonem
758 3945 929 4018 obversari,
945 3945 977 4002 in
991 3943 1072 4003 hunc
1096 3964 1163 4004 eum
1183 3964 1301 4004 omnem

173 4045 273 4084 curam
288 4035 379 4106 atque
395 4029 610 4104 cogitationem
628 4029 775 4088 intentam
790 4029 917 4100 habere,
939 4039 973 4089 ut
988 4029 1066 4087 nihil
1080 4031 1134 4088 fiat
1149 4040 1201 4088 aut
1216 4029 1298 4088 dica·

171 4118 233 4183 tur,
259 4112 332 4189 quin
349 4111 388 4169 ad
404 4111 490 4170 illum
507 4132 525 4169 a
540 4112 630 4170 choro
647 4114 831 4189 cogitatione
849 4113 1007 4172 referatur.
1054 4112 1184 4174 Carmen
1199 4124 1300 4174 autem

172 4193 289 4252 duabus
305 4195 441 4272 partibus
461 4205 593 4269 constat,
615 4197 647 4253 in
669 4217 794 4277 quarum
814 4198 913 4274 priore
928 4198 1027 4274 agitur
1042 4197 1080 4256 de
1098 4200 1218 4258 homine
1234 4219 1299 4258 see-

171 4277 264 4350 lesto,
288 4279 428 4358 exemplo
450 4280 570 4339 Paridis
591 4282 758 4359 proposito,
778 4281 809 4338 in
824 4283 922 4339 altera
935 4280 973 4339 de
988 4281 1115 4343 Atridis.
1160 4284 1299 4362 Utraque

170 4381 239 4438 pars
259 4363 426 4421 arctissimo
441 4383 525 4421 nexu
541 4384 607 4422 cum
622 4366 718 4441 primo
732 4364 813 4423 chori
830 4365 978 4436 carmine,
1002 4365 1040 4423 de
1062 4387 1122 4445 quo
1138 4387 1230 4444 supra
1246 4387 1299 4423 ex·

169 4447 338 4522 posuimus,
362 4447 540 4506 continetur.
573 4449 611 4505 In
630 4449 683 4508 illo
704 4450 836 4507 carmine
853 4449 891 4506 de
911 4450 1021 4507 morali
1036 4450 1155 4523 ordine,
1177 4470 1300 4528 queres
