3254 5304
312 419 370 482 118
472 422 718 474 Coniectaneorum
736 419 764 469 iu
787 414 916 482 Aeschyli
934 413 1078 484 Supplices
1096 431 1160 483 pars
1182 411 1278 464 altera.

476 577 649 685 Φυλόξομαι
666 580 699 642 δὲ
717 569 836 640 τάσδ’
818 583 1001 680 αμνημονεῖν
1016 575 1107 639 σέθεν

475 661 589 742 stvoi3
605 660 737 745 ἐφετμάς.
770 655 848 736 Ζευς
864 661 896 725 δὲ
911 658 1061 743 γεννήτωρ
1076 660 1145 722 ἴδοι.

789 765 1000 826 ΔΑΝΑΟΣ.

472 845 582 916 ’Ἱδοιτο
599 851 673 929 δῆτα
688 850 871 932 πρευμενοῦς
885 841 928 908 riu
931 841 1097 926 ’ὄμματος

806 952 951 1010 ΧΟΡΟΣ.

476 1036 585 1098 Κείνου
599 1035 740 1110 θέλοντος
756 1019 791 1095 εὖ
808 1027 969 1111 τελευτήσει
984 1026 1063 1092 τόδε.

786 1138 970 1197 ΔΑΝΑΟΣ.
1015 1155 1019 1162 ’
1051 1159 1054 1164 ·

477 1217 536 1282 Kal
554 1210 650 1298 Ζηνός
667 1211 752 1300 όρνιν
767 1212 851 1280 τόνδε
865 1220 922 1278 νῦν
938 1211 1117 1295 κικλήσκετε.

810 1322 953 1380 ΧΟΡΟΣ.

477 1402 635 1483 Καλοῦμεν
655 1394 749 1484 αδγολς
763 1395 869 1465 Ἠλίου
886 1405 1053 1484 σωτηρίους.

790 1508 976 1567 ΔΑΝΑΟΣ.

477 1578 586 1667 Ἆγνόν
600 1580 628 1648 τ’
641 1575 773 1650 Ἀπόλλω
787 1582 898 1670 φυγάδ’
917 1580 965 1650 ἄπ’
990 1579 1122 1671 οδρανοῦ
1137 1581 1219 1649 θεόν.

810 1693 956 1752 ΧΟΡΟΣ.

380 1811 389 1830 .
479 1762 579 1845 Εἰδολς
595 1765 634 1834 διν
649 1767 736 1834 αλσαν
750 1769 838 1852 τήνδε
852 1768 993 1861 συγγνῴη
1007 1777 1134 1855 βροτοῖς.

794 1878 980 1938 ΔΑΝΑΟΣ.

482 1962 647 2039 Συγγνοῐτο
665 1959 739 2036 δῆτα
754 1959 804 2021 καλ
819 1962 984 2042 παρασταίη
1002 1955 1154 2041 πρόφρων.
1200 1974 1208 1987 ·

317 2073 349 2126 et
363 2082 444 2144 quae
458 2070 636 2144 sequuntur.

317 2150 417 2220 Versu
437 2157 488 2212 209
511 2147 616 2210 Solem
638 2148 800 2226 magnifico
817 2149 923 2208 volatu
940 2171 996 2230 per
1017 2169 1106 2208 auras
1127 2157 1158 2208 ot
1175 2149 1330 2208 aetherem
1345 2148 1452 2206 volan-

316 2243 379 2294 tem
393 2235 521 2295 Danaus
536 2233 620 2293 lovis
635 2233 753 2307 alitem,
769 2233 800 2292 h.
819 2255 844 2293 e.
861 2235 1012 2315 aquilam,
1029 2233 1104 2294 dicit
1118 2234 1279 2313 praeclara
1294 2241 1325 2292 et
1342 2233 1453 2292 audaci

317 2319 450 2396 imagine
467 2318 635 2398 eademque
653 2318 777 2378 minime
792 2319 934 2393 obscura,
952 2339 1044 2400 quum
1058 2327 1189 2379 statuam
1207 2319 1284 2392 Dei,
1302 2337 1393 2398 quem
1407 2319 1452 2376 in-

317 2404 397 2478 nuit,
419 2402 514 2481 digito
535 2411 755 2462 commonstret.
784 2402 958 2463 Absurdam
972 2403 1157 2463 scholiastae
1174 2403 1454 2482 interpretationem

317 2508 378 2548 non
401 2487 526 2548 defuere
547 2487 599 2568 qui
622 2495 835 2566 sequerentur,
856 2509 919 2548 non
937 2489 1102 2548 sentientes
1123 2487 1253 2548 ridicule
1268 2487 1370 2550 Solem
1387 2487 1452 2564 gal-

318 2573 381 2632 lum
395 2573 602 2651 gallinaceum
615 2572 729 2646 vocari,
745 2591 962 2654 quamquam„
965 2573 1017 2632 the
1034 2573 1120 2647 oock,
1136 2573 1225 2632 that
1217 2593 1242 2632 rs
1258 2572 1310 2636 the
1322 2581 1454 2651 trumpet

318 2667 349 2717 to
362 2658 415 2718 the
430 2679 530 2733 morn,
554 2655 628 2717 does
641 2658 715 2716 witli
729 2657 776 2716 his
790 2658 869 2800 lofty
884 2657 945 2717 aud
959 2658 1048 2717 shrill
1066 2656 1217 2735 sounding
1231 2657 1331 2718 throat
1347 2657 1454 2716 awake

318 2741 370 2800 the
395 2741 466 2802 God
486 2741 656 2802 ολλλοοιι.ιι
690 2728 823 2815 Ζηνόςῖ
827 2764 890 2800 νιν
913 2743 1064 2802 coniicere
1088 2762 1208 2822 posses,
1232 2743 1373 2820 nisiipso
1391 2742 1455 2802 sole

320 2824 432 2884 elarius
451 2824 628 2906 Apollinem
651 2845 713 2884 uon
735 2824 879 2886 confundi
898 2827 956 2886 hoc
976 2828 1046 2886 loeo
1073 2847 1141 2886 oum
1162 2827 1251 2902 Sole,
1273 2826 1330 2886 sed
1354 2826 1453 2886 diver-

320 2927 385 2966 sum
399 2909 501 2968 Deum
514 2908 630 2968 haberi.

382 2992 545 3070 Superest,
566 3002 601 3052 ut
620 2993 719 3052 locum
741 2993 867 3054 fabulae
894 2995 1079 3072 indicemus,
1103 2995 1185 3056 unde
1206 3005 1268 3056 tres
1284 2996 1331 3054 illi
1348 3016 1456 3056 versus

319 3077 460 3136 translati
481 3079 550 3138 sint.
585 3078 664 3138 Eum
686 3085 788 3138 autem
812 3100 873 3138 non
893 3101 985 3159 posse
1007 3043 1100 3140 aliuin
1121 3101 1202 3157 esse,
1226 3101 1317 3162 quam
1337 3090 1405 3160 post
1426 3101 1455 3139 v.

319 3170 387 3236 230,
401 3162 454 3222 vel
469 3183 509 3222 ex
525 3164 562 3224 iis
576 3169 671 3258 patet,
678 3183 766 3262 qnae
782 3162 1013 3244 disputavimus.
1046 3164 1135 3243 Quae
1151 3165 1194 3225 ibi
1207 3175 1277 3225 sunt
1292 3165 1387 3234 verba
1401 3151 1456 3224 κᾶ-

320 3265 355 3322 με
356 3243 459 3323 βεσθε
482 3235 613 3306 τόνδε
583 3265 635 3304 τον
654 3239 747 3305 τόπον
770 3256 832 3307 tam
853 3249 935 3310 nude
956 3260 1028 3310 sunt
1048 3251 1166 3329 posita,
1188 3249 1266 3309 adeo
1289 3249 1418 3328 abrupta
1437 3269 1457 3308 a

321 3332 450 3391 caeteris
468 3331 509 3392 ad
529 3351 617 3391 aures
638 3331 782 3390 accidunt
770 3341 856 3406 t,ut
877 3333 1008 3398 editores
1030 3336 1172 3414 plerique
1195 3335 1375 3394 coniecturis
1395 3355 1459 3394 non

320 3414 532 3478 abstinuerint.
564 3414 653 3494 Quae
671 3418 782 3496 optime
799 3438 832 3477 se
848 3419 1012 3494 habent,
988 3442 1014 3480 sr
1031 3429 1093 3480 tres
1108 3439 1215 3480 versus
1231 3419 1279 3478 illi
1292 3419 1456 3481 subiiciun-

321 3508 389 3560 tur:

485 3587 631 3645 Συοπεῖτε
638 3575 737 3688 ,eripe
738 3584 841 3664 ίβεσθε
854 3575 985 3647 τόνδε
955 3608 1007 3646 τον
1023 3577 1132 3662 τόπον,

483 3657 621 3768 Ὅπως
601 3691 639 3728 αν
653 3659 727 3768 opio
743 3671 856 3750 πρᾶγος
871 3656 904 3732 εὖ
919 3693 990 3730 orna
978 3666 1081 3731 τόδε.

392 3780 394 3784 ·
486 3743 545 3830 Μὴ
559 3754 616 3814 νῦν
631 3748 770 3832 σχόλαζε,
786 3757 920 3834 μηχανῆς
936 3746 967 3815 δ’
974 3731 1058 3816 ἔστω
1069 3745 1182 3835 κρότος.

819 3857 967 3916 ΧΟΡΟΣ.

488 3925 650 4033 Θέλοιμ’
629 3959 668 3996 αν
664 3930 747 4034 ηδη
761 3937 808 3998 σολ
821 3937 910 4012 πέλας
923 3931 1092 4040 θρόνους”
1075 3959 1161 4016 εχειυ.

488 4003 528 4077 Ω
545 4021 620 4094 Ζευ,
635 4013 738 4080 κόπων
753 4021 880 4103 οἴκτειρε
894 4045 935 4102 μη
945 4015 1131 4095 ’πολωλότοις

322 4118 412 4197 Quod
433 4122 562 4181 Danaus
579 4122 658 4181 filias
670 4123 831 4202 alloquens
844 4127 972 4224 priprum
987 4127 1174 4203 singularem
1189 4144 1346 4185 numerum
1365 4125 1460 4202 pouit,

322 4203 394 4263 dein
411 4204 524 4283 plurali
539 4207 653 4280 utitur,
670 4209 734 4266 eius
749 4209 794 4267 rei
807 4229 847 4268 ne
861 4210 986 4269 minima
1003 4209 1127 4307 quidem
1143 4218 1190 4270 est
1205 4210 1343 4270 offensio.
1373 4207 1461 4267 Idem

322 4308 414 4386 supra
434 4289 556 4368 saepius
577 4291 626 4370 fit;
650 4299 684 4350 ut
697 4291 755 4350 hoa
776 4301 861 4368 utar,
881 4315 910 4352 v.
928 4303 990 4355 201.
1012 4283 1086 4371 πρὸς
1106 4294 1293 4372 φρονοῦντας
1314 4289 1460 4362 ἐννέπεις

321 4366 489 4451 φυλάξομαι
504 4369 536 4434 δὲ
550 4394 617 4454 sqq.
631 4375 790 4436 Danaides
807 4386 908 4437 autem
923 4399 985 4438 non
1001 4378 1110 4438 mediis
1126 4378 1282 4454 diverbiis,
1302 4378 1357 4437 sed
1372 4378 1458 4436 finito

323 4457 442 4520 demum
458 4468 627 4540 compatre
649 4480 784 4522 sermone
800 4462 900 4524 locum
919 4471 1052 4525 mutasse
1069 4464 1121 4524 vel
1144 4483 1199 4542 per
1220 4484 1253 4524 se
1267 4463 1389 4542 probari
1405 4461 1457 4520 de·
