3230 5308
535 423 551 457 a
566 397 691 474 partibus
707 402 782 454 chori
796 405 925 458 cantatis.

231 572 374 632 Hemich.
389 561 425 630 α’.
442 550 625 668 Hoipeostd’
644 565 738 624 εἰπεῖν
755 555 800 625 ἐπ’
822 555 982 628 ἀθλίοισιν.

229 657 371 716 Hemich.
388 644 423 732 β.
442 643 542 733 Ωςέρ
544 646 636 748 ξσῖτην
649 639 790 715 πολλὰ
758 673 812 727 μιν
828 654 948 726 πολίτας

441 674 542 810 §tenve
548 757 578 796 τε
594 727 716 794 πάντων
730 735 838 813 στίχας.

170 841 248 919 Quis
263 863 324 901 non
338 841 444 900 videat
457 840 535 899 haec
551 839 679 918 singulis
693 839 875 897 hemichoris
894 839 1098 908 continuanda
1114 839 1204 900 esse?

233 942 270 1000 In
284 941 344 1000 fine
360 941 497 1000 ciusdem
513 940 638 999 fabulae
658 941 737 999 inter
756 939 935 1017 Antigonen
955 948 986 998 et
1005 941 1147 1002 Ismenen
1166 965 1297 1005 commus

169 1035 229 1101 est,
254 1028 286 1084 in
302 1047 361 1106 quo
376 1027 497 1088 Ismene
512 1025 622 1084 sororis
637 1025 733 1083 verba
752 1026 874 1104 saepius
894 1025 938 1083 ita
957 1027 1087 1105 excipit,
1115 1035 1148 1086 ut
1170 1029 1299 1104 eandem

169 1111 351 1169 sententiam
369 1111 543 1169 continuare
565 1108 721 1184 videatur3
752 1109 807 1168 sed
827 1110 854 1169 si
875 1111 1044 1169 accuratius
1066 1113 1299 1188 examinaveris,

173 1215 226 1269 ea,
243 1214 321 1274 quae
338 1193 439 1268 addit,
459 1194 496 1253 ab
512 1194 682 1272 Antigones
698 1195 834 1253 oratione
849 1194 951 1253 aliena
974 1215 1041 1256 esse
1055 1199 1202 1275 reperies.
1219 1199 1299 1258 Nam

170 1279 208 1338 ab
220 1279 293 1338 Ant.
309 1279 490 1357 Polynices,
508 1278 546 1336 ab
560 1279 682 1338 Ismene
691 1279 835 1338 Eteocles
851 1279 1008 1358 lugentur,
1028 1301 1156 1361 corpora
1173 1283 1299 1341 fratrum

168 1371 351 1424 mortuorum
368 1365 401 1432 in
417 1383 511 1424 scena
533 1365 674 1443 exposita
698 1371 781 1439 sunt3
809 1383 899 1444 quem
919 1372 988 1423 utra
1007 1375 1137 1441 moeret,
1167 1367 1206 1426 ad
1230 1387 1299 1428 eum

170 1469 317 1508 conversa
333 1457 386 1508 est.
416 1447 514 1531 Igitur
529 1448 670 1507 Ismenae
684 1447 802 1522 verbis,
818 1447 1118 1549 quibus·Antigonao
1133 1461 1199 1512 orat
1187 1453 1299 1514 tionem

170 1535 301 1613 excipit,
323 1533 361 1594 de
376 1525 505 1593 Eteocle
523 1533 677 1592 sententia
694 1534 864 1592 continetur
881 1534 989 1594 similis
1012 1536 1058 1608 ci,
1085 1557 1175 1616 quam
1190 1537 1245 1596 illa
1260 1535 1299 1595 de

168 1619 319 1696 Polynice
340 1620 486 1715 professa
501 1627 575 1678 er.at
607 1619 657 1677 Ita
678 1639 707 1676 v.
731 1624 783 1714 949
803 1617 877 1677 Ant.
897 1617 1057 1696 Polynicis
1073 1621 1201 1681 vulnera
1216 1642 1297 1680 mon·

169 1711 266 1762 straus
283 1703 450 1763 exclamat:
473 1685 514 1761 a
530 1699 681 1762 δυσθέατα
698 1693 832 1778 πήματα,
858 1703 897 1762 oh
918 1704 1000 1762 mala
1015 1714 1179 1786 conspectu
1196 1706 1298 1766 infeli·

170 1789 233 1847 cia!
263 1789 334 1846 Ism
351 1787 454 1848 addit:
481 1777 638 1859 ἐδείξατ’
656 1782 689 1844 ἐκ
671 1783 924 1865 κφννᾶςέμοί,
939 1819 983 1835 --
1003 1791 1301 1868 saneparavitmihi

169 1873 237 1932 Pol.
253 1881 323 1951 post
339 1873 480 1948 exilium,
497 1871 579 1953 quod
594 1872 700 1932 dicens
716 1872 845 1932 vulnera
859 1873 998 1934 Eteoclis
1011 1883 1169 1936 monstrat
1197 1876 1238 1938 V.
1249 1883 1301 1939 952

170 1957 292 2035 Antig:
319 1949 499 2034 Πρόκεισαι,
515 1958 670 2016 mortuus
661 1977 760 2030 iaces,
775 1957 953 2034 Polynices.
982 1959 1054 2020 Ism.
1071 1952 1285 2035 Κατακτιὶς,
1254 1980 1299 2018 ιιι-

172 2043 280 2100 mirum
295 2041 424 2100 Eteocle
440 2029 641 2115 interemto¹).
672 2039 849 2112 cf.v.,945
865 2049 908 2102 46.
925 2050 957 2106 ¹et
971 2051 1031 2117 969,
1047 2051 1103 2106 70..

237 2126 436 2185 Similemt
390 2133 436 2182 rat
437 2125 538 2182 ionem
557 2123 673 2181 habent
687 2123 749 2181 loci
764 2123 906 2182 nonnulli
930 2127 1050 2220 commi,
1059 2125 1128 2220 qui
1143 2126 1174 2182 in
1190 2124 1300 2184 Persa-

172 2229 239 2269 rum
261 2208 322 2268 fine
345 2216 401 2266 est.
431 2209 468 2267 V.
491 2215 559 2268 1044
578 2226 638 2302 sq
645 2206 783 2266 Xerxes:
817 2195 1011 2266 Μ·ἐλαιναδ’
1034 2229 1074 2266 αν
1097 2207 1301 2284 μεμίξεται-
1359 2273 1364 2282 ‚

176 2293 269 2354 Cher.
294 2289 334 2350 Οἳ
352 2283 509 2349 στονόεσσα
529 2277 638 2368 πλαγά
662 2290 782 2350 Patett
770 2298 837 2348 tant
838 2311 886 2349 um
902 2291 984 2371 apud
1002 2292 1160 2353 choreutas
1176 2291 1303 2370 lugendi

174 2377 312 2437 ardorem
328 2377 471 2456 exprimi,
493 2383 526 2436 ut
540 2375 656 2434 Xerxis
673 2376 839 2435 orationem
857 2376 1092 2457 interrumpunt,
1114 2380 1167 2459 qui
1186 2379 1213 2437 si
1233 2397 1302 2457 per·

173 2471 275 2540 geret,
292 2457 564 2522 exclamatione’'
529 2479 558 2518 οι
573 2480 635 2558 npn
649 2480 720 2518 usus
737 2469 829 2520 esset.
860 2461 898 2521 V.
913 2472 982 2524 1030
993 2483 1037 2542 sq
1056 2463 1097 2522 X.
1114 2452 1232 2539 Γνμνός
1245 2460 1304 2538 εἰμι

174 2545 369 2626 προπομπῶν.
398 2545 452 2606 Oh.
470 2535 607 2605 Φίλων”
587 2545 685 2604 αταισι
700 2543 877 2607 ποντίαισιν.
906 2545 1023 2605 Ohorus
1041 2547 1145 2626 paullo
1164 2546 1303 2606 acerbius

173 2633 273 2692 Xerxi
286 2652 423 2692 caussam
437 2631 635 2705 calamitatis,
655 2649 746 2710 quam
762 2630 913 2710 queritur,
925 2630 964 2689 in
982 2631 1157 2690 memoriam
1167 2638 1302 2690 revocat.

239 2716 330 2794 Quod
351 2717 480 2776 alterum
495 2723 674 2776 commatum
687 2723 771 2774 recte
790 2713 1031 2774 definiendorum
1046 2713 1192 2774 indicium
1205 2715 1303 2794 posui,

173 2822 369 2900 personarum
382 2803 468 2861 vices
485 2800 594 2860 iisdem
608 2800 799 2877 strophaeet
823 2799 938 2860 antistr.
903 2799 1034 2859 tlocis
1056 2799 1135 2874 fieri,
1159 2820 1226 2860 cum
1250 2801 1304 2859 illo

95 2927 97 2933 ι
175 2886 369 2968 aequalitatis
384 2885 483 2946 studio
490 2884 596 2966 ,quod
610 2904 684 2963 prae
701 2884 810 2943 ceteris
825 2886 950 2962 tragicis
966 2882 1047 2962 apud
1058 2883 1172 2944 Aesch.
1187 2884 1304 2965 conspi-

176 2992 263 3030 cuum
282 2979 343 3045 est,
369 2971 413 3029 ita
432 2971 571 3049 congruit
591 2977 622 3028 et
647 2976 692 3027 tot
714 2969 878 3048 exemplis,
905 2989 984 3049 quac
1007 2969 1123 3028 nullam
1143 2965 1305 3028 dubitatio·

177 3075 248 3114 nem
263 3054 443 3131 admittunt,
460 3050 665 3130 confirmatur,
681 3061 716 3112 ut
732 3052 793 3111 loci
800 3053 934 3133 ,quibus
948 3055 1110 3131 perpaucis
1129 3073 1167 3112 ea
1184 3053 1244 3114 lex
1251 3055 1305 3113 mi

175 3146 262 3217 grata
277 3159 344 3200 esse
359 3139 493 3216 videtur,
520 3137 723 3218 suspicionem
736 3157 858 3196 movere
875 3137 1022 3212 debeant,
1037 3159 1108 3198 num
1123 3137 1236 3198 menda
1250 3138 1306 3198 ali·

197 3223 238 3282 ιιιιΙ
257 3223 362 3283 lateat.

177 3245 198 3304 q
241 3307 320 3366 Sunt
339 3309 362 3366 ii
383 3307 445 3365 loci
467 3305 574 3384 suppl.
591 3328 620 3366 v.
637 3313 798 3380 ross—67,
824 3307 910 3386 Sept.
928 3327 956 3368 v,
973 3315 1025 3370 873
1040 3325 1108 3386 sqq.
1126 3314 1157 3365 et
1169 3306 1258 3366 Eum.
1275 3328 1306 3370 v,

176 3401 230 3454 150
245 3409 310 3470 sqq.
342 3391 381 3448 In
401 3391 509 3470 Suppl.
532 3410 562 3448 v.
579 3399 648 3452 1060
668 3389 868 3469 praecedenti
892 3391 1065 3450 hemichoro
1087 3390 1307 3449 continuandus

142 3514 149 3526 ·
179 3483 240 3552 θεῖς
265 3476 297 3533 in
323 3475 410 3554 Sept.
433 3473 492 3532 duo
513 3473 609 3533 verba
629 3473 856 3554 transponenda
877 3483 960 3550 sunt3
985 3475 1018 3532 in
1039 3475 1127 3531 Eum.
1151 3475 1306 3552 interpun-

182 3561 282 3619 ctione
302 3567 417 3618 mutata
432 3566 519 3617 tanta
535 3558 705 3638 aequalitas
720 3554 903 3630 restituitur,
930 3567 964 3616 ut
981 3558 1040 3616 hoc
1056 3576 1192 3629 carmen,
1220 3558 1245 3615 si
1262 3556 1308 3615 ul-

178 3645 256 3718 lum,
275 3643 393 3704 idoneis
410 3643 593 3720 argumentis
609 3641 719 3701 docere
733 3643 843 3720 possit,
866 3661 956 3722 quam
973 3648 1116 3699 accurata
1132 3649 1309 3702 commatum

181 3731 214 3788 in
233 3737 284 3788 str.
308 3737 339 3788 et
360 3728 477 3788 autistr.
498 3727 654 3805 responsio
673 3726 772 3784 fuerit.
807 3724 871 3786 Sed
887 3724 926 3786 de
946 3726 993 3786 his
1014 3725 1091 3784 locis
1105 3724 1186 3784 infra
1201 3723 1308 3786 viden·

184 3813 254 3872 dum
272 3823 331 3887 est,
346 3813 399 3872 ubi
414 3833 451 3872 ea
465 3813 599 3871 carmina
614 3810 767 3888 descripta
781 3818 860 3872 sunt.

244 3899 382 3958 Tertium
402 3904 623 3976 argumentum,
646 3894 771 3993 quibus·
774 3895 850 3954 locis
867 3913 967 3953 novae
982 3912 1140 3973 personae
1146 3891 1309 3975 ponendae

181 3983 256 4056 sint,
284 4003 351 4043 esse
366 3983 446 4058 dixi,
474 3981 555 4064 quod
571 3981 646 4042 mult
634 3989 666 4040 ta
682 3979 815 4040 carmina
829 3979 873 4038 ita
887 3987 1041 4059 comparat
1043 3997 1061 4038 a
1078 3979 1151 4052 sint,
1172 3986 1207 4036 ut
1227 3987 1310 4038 certa

184 4065 253 4141 loge
270 4077 449 4127 commatum
462 4074 592 4147 sequent
594 4068 655 4125 ium
668 4064 725 4124 init
727 4065 756 4124 ia
769 4064 999 4141 responsionem
1014 4064 1147 4143 aliquam
1164 4061 1204 4120 ad
1222 4083 1309 4142 prae·

185 4147 325 4208 cedentia
340 4161 410 4210 cont
398 4153 524 4211 tineent.
563 4149 651 4227 Quae
668 4150 722 4208 lex
739 4147 918 4208 interdumt
906 4157 967 4208 tam
984 4156 1106 4207 accurat
1108 4168 1125 4206 o
1140 4146 1310 4220 observata,

183 4239 245 4288 tam
262 4235 352 4292 arctis
367 4235 475 4294 finibus
492 4235 719 4314 circumscripta
736 4241 796 4307 est,
819 4242 852 4292 ut
867 4234 1014 4308 carmina,
1034 4233 1094 4292 nisi
1115 4250 1311 4312 personarum

257 4464 282 4530 l)
301 4465 345 4514 lta
358 4480 383 4514 v.
394 4462 441 4514 ille
456 4465 488 4514 de
501 4467 651 4516 Hermanni
669 4469 878 4518 etLachmanni
896 4471 966 4518 coni.
987 4453 1117 4530 legendus
1137 4465 1188 4512 ert.

1086 4548 1105 4604 2
