3254 5304
687 399 728 450 De
746 399 933 465 interregibus
951 397 1091 452 Romanis.

830 631 946 713 XIII.

598 765 654 836 De
679 765 928 858 interregibus
947 763 1175 854 Romanas)

386 987 607 1067 Antiquissimo
633 985 766 1046 civitatis
779 987 937 1046 Romanae
958 994 1110 1064 tempore,
1135 1005 1194 1064 quo
1209 1004 1298 1062 reges
1314 1006 1333 1046 a
1349 996 1459 1048 senatu

325 1081 356 1130 et
378 1073 492 1151 populo
512 1071 608 1130 creati
624 1071 783 1148 imperium
803 1071 997 1145 obtinebant,
1013 1069 1066 1129 ubi
1081 1089 1137 1130 rex
1154 1068 1353 1146 decessisset,
1368 1071 1460 1132 inter-

323 1177 410 1234 reges
434 1157 528 1216 fuisse
553 1163 688 1227 constat,
709 1157 762 1233 qui
783 1155 1003 1233 rempublicam
1023 1153 1270 1215 administrarent
1286 1164 1316 1214 et
1331 1157 1461 1216 comitiis

322 1262 402 1301 novo
417 1243 483 1318 regi
504 1239 635 1300 creando
652 1249 846 1318 praeessent;
869 1240 925 1302 sed
941 1239 979 1300 de
1001 1239 1104 1314 modo,
1127 1259 1188 1318 quo
1204 1241 1263 1318 ipsi
1281 1243 1376 1300 creati
1391 1243 1460 1316 sint,

324 1326 363 1385 de
383 1346 509 1386 numero
535 1345 638 1386 eorum
659 1333 690 1384 et
712 1325 751 1384 de
771 1333 922 1405 tempore,
943 1343 1003 1402 quo
1026 1326 1185 1402 imperium
1203 1345 1300 1402 penes
1326 1327 1460 1404 singulos

324 1413 430 1486 fuerit,
459 1410 665 1472 diversissima
683 1409 843 1470 traduntur
862 1430 881 1468 a
895 1409 990 1468 tribus
1008 1409 1183 1470 auctoribus
1199 1410 1290 1470 Livio
1308 1411 1460 1489 Dionysio

323 1496 498 1556 Plutarcho.
529 1495 637 1554 Livius
654 1494 673 1556 l.
694 1495 726 1569 Ι,
748 1503 838 1568 c.17,
859 1503 1020 1572 postquam
1037 1496 1180 1572 exposuit
1198 1495 1329 1556 Romulo
1345 1505 1459 1556 mortuo
1493 1491 1501 1542 ἶ

323 1581 507 1640 factionibus
522 1581 601 1640 inter
617 1577 738 1640 ordines
753 1587 902 1640 certatum
919 1600 994 1654 csse,
1011 1581 1083 1658 quia
1100 1587 1131 1638 et
1144 1580 1278 1638 Romani
1293 1588 1413 1640 veteres
1428 1590 1459 1640 et

324 1665 473 1726 oriundis
486 1664 609 1726 Sabinis
620 1664 668 1724 sui
683 1666 815 1743 corporis
829 1665 926 1724 creari
940 1684 1044 1740 regem
1055 1665 1215 1738 voluerint,
1232 1664 1309 1723 haec
1322 1667 1457 1744 scripsit:

323 1752 451 1827 „Timor
466 1748 578 1810 deinde
592 1757 695 1827 patres
711 1749 851 1824 incessit,
873 1770 913 1810 ne
929 1750 1085 1810 civitatem
1102 1750 1167 1809 siue
1183 1749 1324 1826 imperio,
1341 1752 1459 1810 exerci-

323 1845 386 1894 tum
401 1837 468 1894 sine
478 1834 565 1908 duce,
575 1834 737 1894 multarum
748 1835 830 1893 circa
839 1835 1010 1894 civitatium
1023 1835 1147 1893 irritatis
1159 1834 1281 1907 animis,
1293 1836 1341 1894 vis
1354 1835 1459 1914 aliqua

324 1929 451 1980 externa
468 1918 645 1980 adoriretur.
667 1920 710 1978 Et
725 1939 791 1980 esse
806 1920 899 1996 igitur
913 1920 1031 1998 aliquot
1047 1928 1139 1998 caput
1152 1917 1312 1997 placebat,
1330 1927 1360 1978 et
1370 1940 1459 1978 nemo
1527 1951 1532 1964 ·

323 2006 413 2064 alteri
420 2004 589 2066 concedere
601 2005 633 2062 in
644 2005 776 2064 animum
783 2003 957 2063 inducebat.
974 2005 991 2064 I
997 2013 1034 2064 ta
1047 2023 1122 2062 rem
1138 2004 1239 2064 inter
1254 2023 1293 2064 se
1311 2014 1459 2064 centurn

322 2099 466 2170 patres,
483 2089 617 2150 decem
632 2088 800 2150 decuriis
815 2089 950 2162 factis,
969 2089 1218 2168 singulisque
1234 2089 1273 2148 in
1289 2090 1460 2166 singulas

324 2175 503 2235 decurias
527 2175 685 2247 creatis,
709 2175 951 2252 quisummae
971 2194 1095 2236 rerum
1114 2182 1359 2251 praeessent,
1377 2195 1458 2234 con-

323 2261 482 2320 sociant.
516 2260 656 2318 Decem
678 2258 981 2336 imperitabant,
1005 2278 1101 2318 unus
1122 2279 1201 2316 cum
1230 2257 1458 2334 insignibus

324 2353 361 2404 et
379 2345 593 2404 lictoribus
615 2351 711 2414 erat;
728 2345 897 2422 quinque
920 2343 1065 2402 dierum
1088 2343 1219 2420 spatio
1242 2342 1461 2402 finiebatur

324 2430 539 2508 imperium,
563 2449 605 2488 ae
625 2447 691 2506 per
709 2448 839 2494 omnes
862 2429 900 2488 in
920 2427 1049 2488 orbern
1071 2427 1169 2502 ibat3
1194 2446 1386 2506 annuumque
1413 2429 1458 2486 in·

258 2539 263 2546 ·
322 2515 485 2574 teruallum
507 2514 594 2591 regni
615 2513 684 2574 fuit.
713 2513 752 2572 Id
772 2513 809 2572 ab
831 2532 879 2584 re,
901 2511 983 2593 quod
1006 2532 1087 2572 nunc
1103 2531 1225 2592 quoque
1238 2520 1324 2572 tenet
1337 2533 1457 2587 nomen

323 2601 530 2698 interregnum
546 2591 743 2678 appellatum
746 2600 763 2627 “
789 2598 827 2657 In
842 2597 888 2656 his
901 2617 1032 2656 errorem
1043 2598 1143 2659 inesse
1158 2605 1297 2674 apertum
1309 2605 1370 2669 est;
1386 2617 1455 2658 cen·

322 2694 385 2744 tum
401 2686 481 2743 enim
495 2693 651 2744 senatores
666 2690 879 2756 recensentur,
893 2702 983 2760 quern
997 2701 1154 2741 numerum
1166 2681 1289 2742 Sabinis
1305 2681 1458 2742 adiunctis

324 2769 512 2846 duplicatum
532 2769 628 2827 fuisse
649 2767 724 2828 satis
746 2775 872 2827 constat.
903 2764 1000 2842 Qua
991 2787 1070 2824 mre
1085 2767 1208 2828 Livium
1225 2775 1337 2827 temere
1353 2785 1371 2822 a
1385 2766 1455 2842 plu-

323 2856 465 2914 rimorum
485 2853 639 2915 sententia
659 2850 836 2912 discessisse
856 2871 963 2929 parum
984 2852 1150 2910 verisimile
1173 2859 1235 2928 est,
1262 2859 1313 2910 aut
1327 2851 1457 2910 multum

324 2937 472 3008 fallimur,
496 2945 548 2995 aut
568 2956 690 3010 caussa,
714 2935 752 2996 ob
781 2956 872 3015 quam
893 2943 1031 2998 senatum
1051 2934 1173 2996 Sabinis
1193 2944 1315 2995 auctum
1335 2934 1458 2996 tradere

322 3023 464 3096 noluerit,
480 3019 558 3082 Isaeo
574 3021 642 3100 ipsa
654 3019 791 3098 putanda
806 3029 860 3094 est,
878 3020 960 3102 quod
975 3021 1149 3099 interregno
1164 3029 1233 3099 post
1243 3020 1365 3080 Romuli
1376 3040 1456 3078 mor-

310 3116 384 3165 tem
402 3107 476 3166 inito
494 3114 614 3165 centum
628 3113 746 3168 tantum
759 3114 916 3166 senatores
929 3104 1010 3184 apud
1026 3107 1181 3168 annalium
1199 3105 1359 3184 scriptores
1377 3125 1457 3164 eorn-

324 3191 489 3250 memorari'
502 3189 632 3250 videret.
666 3187 757 3266 Quod
778 3199 934 3269 uteunque
958 3198 1017 3264 est,
1042 3211 1116 3250 vera
1135 3190 1300 3268 interregni
1320 3190 1399 3252 ratio
1414 3191 1459 3248 ita

323 3283 440 3334 tantum
460 3295 500 3334 ex
514 3277 596 3336 Livii
614 3274 716 3335 verbis
731 3276 907 3340 coniectura
924 3275 1063 3353 expediri
1078 3276 1197 3354 poterit,
1212 3282 1247 3334 ut
1266 3274 1358 3352 origo,
1373 3273 1458 3334 unde

324 3381 407 3420 error
422 3360 476 3420 ille
496 3370 586 3421 natus
601 3361 654 3435 sit,
678 3361 766 3422 simul
784 3361 948 3439 aperiatur.
980 3359 1142 3421 Caeterum
1160 3362 1191 3421 in
1205 3359 1279 3437 ipsis
1294 3359 1397 3420 verbis
1412 3359 1458 3416 in-

324 3454 408 3520 sunt,
432 3465 526 3524 qnae,
549 3447 609 3507 nisi
626 3445 772 3508 attentius
787 3445 914 3522 legeris,
936 3443 1092 3523 duplicem
1106 3444 1387 3522 interpretationem
1402 3441 1456 3500 ad-

323 3532 442 3590 mittere
455 3530 633 3606 videantur;
655 3530 809 3607 ambigere
825 3530 905 3588 enim
921 3530 989 3607 quis
1004 3531 1111 3608 possit,
1126 3538 1225 3591 utrum
1241 3527 1362 3602 decem,
1379 3547 1458 3606 quos

323 3617 515 3696 imperitasse
531 3615 619 3690 dicit,
636 3615 824 3692 intelligatur
841 3612 979 3688 decuria,
996 3633 1086 3692 quam
1101 3616 1144 3672 ita
1159 3615 1323 3691 imperasse
1341 3611 1455 3686 tradat,

325 3710 359 3760 ut
372 3720 482 3760 nomen
497 3709 527 3760 et
540 3701 673 3778 insignia
687 3699 848 3774 interregis
864 3717 959 3776 penes
974 3719 1066 3758 unum
1084 3699 1215 3774 fuerint,
1232 3718 1271 3762 an
1287 3696 1393 3762 decern
1409 3697 1455 3754 in·

324 3794 460 3862 terreges
486 3804 525 3844 ex
551 3785 680 3862 singulis
704 3781 835 3841 decuriis
862 3783 967 3841 creati.
1001 3783 1127 3842 Falsum
1149 3803 1231 3858 esse,
1254 3779 1335 3860 quod
1356 3781 1457 3860 priore

324 3869 393 3928 loeo
412 3871 515 3946 posui,
539 3867 702 3928 ostendunt
722 3866 819 3925 verba
844 3865 1078 3944 praecedentia,
1100 3867 1210 3947 quibus
1230 3886 1291 3924 non
1312 3864 1457 3924 decuriae
1514 3877 1517 3884 ‘

325 3952 379 4010 sed
398 3951 533 4011 docem'
525 3974 556 4010 ιιι
578 3953 714 4028 singulas
735 3950 875 4009 decurias
898 3954 993 4010 creati
1015 3971 1148 4010 summae
1166 3971 1266 4010 rerum
1282 3949 1456 4026 praefuisse

325 4035 474 4093 dicuntur
492 4036 697 4131 Dionysiil.
714 4035 755 4108 Π,
772 4055 797 4094 c.
811 4043 844 4097 57
858 4035 936 4093 haec
950 4035 1141 4096 verbasunt:
1115 4024 1260 4094 tToid’
1278 4029 1343 4106 ἑξῆς
1358 4027 1458 4090 ἐνιαυ-

324 4138 365 4198 sq)
354 4107 570 4192 βασιλεῦςὲ
535 4141 555 4194 μ
571 4139 588 4174 ν
600 4108 698 4187 οὐδεὶς
712 4111 873 4194 ἀπεδείχθη
886 4107 1077 4194 Ρωμαίων,
1061 4141 1136 4196 αρχη
1126 4096 1204 4178 δέ
1201 4141 1260 4188 τις,
1278 4109 1317 4191 ἣν
1332 4116 1457 4174 καλοῦσι

323 4199 560 4277 pseudocodicem,
578 4197 741 4277 ἐπεμελεῖτο
762 4201 823 4261 τῶν
843 4203 967 4276 κοινῶν,
989 4196 1103 4261 τοιόνδε
1120 4191 1188 4262 τινα
1208 4196 1318 4302 τρόπον
1335 4191 1457 4259 circades-

325 4281 472 4362 κννμένη
488 4285 548 4344 τῶν
562 4285 724 4364 πατρικίων
738 4305 754 4344 ο
756 4283 1018 4365 [καταγραφέντες
1032 4275 1120 4358 εἰς
1088 4308 1143 4362 την
1152 4276 1266 4364 βουλὴν
1278 4275 1358 4344 eiad
1356 4275 1459 4361 Perpri-

395 4468 424 4534 ³¹²)
442 4470 485 4520 Ex
496 4472 696 4536 programmate
704 4471 841 4536 gymnasii
848 4471 972 4536 primarii
978 4472 1187 4524 Brunsvicensis
1200 4468 1460 4523 ambcccxmv.
