3254 5304
568 387 609 440 De
629 359 817 456 interregibus
833 385 972 440 Romanis.
1278 385 1337 448 179
1355 363 1358 368 ¹

200 554 321 634 Quippe
335 574 480 634 praeesse
496 555 617 614 senatui
639 562 669 614 et
684 555 772 632 primi
789 555 971 614 sententiam
992 554 1094 633 rogari
1110 554 1336 633 praedicantur,

198 650 232 699 ut
248 641 343 699 omnis
361 639 512 700 dubitatio
534 647 655 698 exemia
669 638 769 697 videri
784 641 896 718 possit,
912 639 986 719 quin
1003 639 1206 700 Niebuhrium
1225 642 1269 721 (p.
1285 652 1337 705 339

197 733 260 786 not.
275 732 328 788 784
347 733 379 784 et
397 747 426 804 p.
442 732 573 789 (illinet.
590 722 671 802 1345)
692 733 776 782 recte
802 725 945 783 statuisse
963 723 1107 783 dicamus.
1141 725 1183 783 At
1197 726 1255 784 hoc
1270 729 1336 805 ipso

198 810 269 869 loco
290 809 329 869 de
352 809 460 880 decern
482 809 588 888 primis
609 827 669 866 non
692 809 820 885 cogitari
841 827 932 887 posse
955 809 1046 867 certis
1074 811 1260 886 argumentis
1283 811 1335 870 de·

197 896 356 954 monstrari
370 903 481 972 potest.
509 891 632 973 Quippe
644 894 814 974 Dionysius
824 894 946 953 nomina
957 893 1127 970 legatorum
1141 895 1244 967 refert,
1257 915 1337 975 quae

198 980 284 1038 illum
299 979 415 1038 nonde
434 999 487 1038 suo
503 977 557 1036 sed
576 997 615 1036 ex
634 979 760 1058 antiquo
780 979 866 1038 fonte
883 979 1021 1037 hausisse
1037 977 1142 1057 plures
1159 978 1197 1037 ob
1215 999 1337 1039 caussas

198 1063 358 1142 probabile
374 1071 429 1122 est.
458 1063 545 1121 Idem
562 1061 678 1121 iudicat
689 1063 889 1136 Niebuhrius,
906 1063 1038 1121 maxime
1051 1063 1215 1122 verisimile
1231 1063 1337 1123 dicens

199 1149 333 1224 genuina
353 1168 456 1207 eorum
478 1149 531 1228 qui
555 1147 594 1206 ad
615 1147 737 1226 plebem
761 1149 846 1207 missi
867 1150 928 1207 sint
948 1149 1070 1206 nomine
1096 1145 1167 1224 legi.
1205 1147 1337 1206 Nomina

198 1233 276 1292 haec
299 1241 384 1292 sunt:
411 1233 552 1312 Agrippa
574 1233 736 1291 Menenius
760 1231 827 1291 Caii
849 1233 871 1292 f.
888 1233 1039 1304 Lanatus,-
1058 1231 1093 1288 P.
1111 1230 1260 1291 Servilius
1275 1233 1336 1291 Pu·

198 1317 255 1377 blii
268 1319 307 1390 f.,
323 1318 359 1377 P.
376 1317 550 1377 Postumius
567 1316 673 1394 Quinti
696 1318 717 1377 f.
734 1317 903 1389 Tubertus,
927 1317 965 1375 Τ.
983 1315 1134 1374 Aebutius
1148 1317 1213 1374 Titi
1227 1316 1247 1377 f.
1263 1317 1335 1376 Fla-

198 1423 271 1476 vus,
292 1403 417 1461 Servius
441 1403 594 1480 Sulpicius
615 1401 719 1459 Publii
734 1402 756 1460 f.
774 1401 966 1474 Camerinus,
988 1400 1027 1458 A.
1044 1401 1216 1460 Postumius
1231 1401 1336 1461 Publii

199 1487 220 1544 f.
237 1486 345 1559 Albus,
362 1486 401 1544 A.
420 1487 577 1564 Virginius
592 1485 667 1545 Auli
684 1487 707 1544 f.
724 1487 897 1559 Montanus,
912 1473 968 1545 M’.
983 1485 1127 1545 Valerius
1146 1487 1245 1544 Marci
1261 1488 1283 1546 f.
1305 1497 1336 1545 et

198 1572 237 1630 Τ.
258 1572 385 1630 Larcius
405 1571 531 1630 Flavus.
570 1571 698 1629 Lacuna
717 1571 776 1628 tria
797 1573 921 1630 nomina
942 1570 1108 1648 absorpsit,
1131 1591 1258 1651 quorum
1276 1570 1335 1630 duo

198 1657 254 1714 M'.
277 1657 425 1715 Valerius
441 1665 471 1714 et
492 1657 530 1716 Τ.
547 1656 675 1714 Larcius
699 1675 738 1714 ex
757 1656 822 1734 ipso
836 1657 1004 1733 Dionysio,
1023 1656 1075 1734 qui
1091 1655 1336 1736 insequentibus

198 1741 350 1800 orationes
367 1760 469 1800 eorum
485 1739 523 1798 ad
537 1739 661 1819 plebem
680 1737 799 1799 habitas
815 1741 925 1814 refert,
943 1741 1140 1819 supplentu1·;
1162 1740 1200 1800 de
1217 1740 1335 1800 decimo

197 1846 258 1884 non
274 1822 435 1902 constat¹).
464 1825 580 1883 Horum
597 1845 709 1884 novem
724 1845 812 1884 nemo
828 1835 888 1898 est,
905 1827 958 1904 qui
973 1825 1037 1884 ullo
1057 1825 1199 1905 Dionysii
1215 1825 1266 1884 vel
1281 1827 1334 1885 Li-

198 1911 242 1968 vii
256 1911 322 1968 loco
337 1929 464 1987 asperae
485 1912 655 1969 sententiae
672 1909 819 1968 adversus
834 1910 956 1986 plebem
973 1918 1078 1968 auctor
1092 1910 1188 1969 fuisse
1207 1910 1334 1984 dicatur,

198 1994 360 2072 plerosque
375 1995 486 2052 acriter
497 1993 579 2071 apud
593 2003 696 2071 patres
710 2014 764 2070 pro
775 1994 868 2072 plebe
882 1993 1061 2052 dimicantes
1077 1994 1226 2066 videmus,
1244 2015 1334 2072 quam

199 2078 280 2135 omni
294 2077 384 2136 modo
406 2087 436 2136 et
451 2079 615 2138 mitissimis
638 2077 772 2136 consiliis
789 2077 1013 2136 conciliandam
1027 2077 1166 2156 probant.
1195 2078 1335 2156 Agrippa

198 2163 376 2236 MeneniuS,
399 2163 548 2241 interpres
567 2163 621 2221 ille
644 2170 675 2221 et
693 2161 807 2220 arbiter
823 2161 1003 2220 concordiae
1025 2163 1152 2235 civium,
1171 2163 1252 2221 omni
1268 2163 1335 2221 vita

197 2247 312 2326 pariter
326 2245 463 2326 patribus
476 2267 512 2305 ac
527 2246 611 2326 plebi
624 2267 710 2305 carus
725 2243 825 2325 fuiti).
848 2247 892 2304 M'
905 2247 1047 2307 Valerius
1058 2248 1187 2306 omnium
1202 2249 1334 2306 maxime

145 2321 148 2330 ¹
197 2331 353 2410 popularis
375 2330 612 2411 praedicatur³).
645 2331 809 2405 Servilius,
832 2333 880 2389 vir
896 2331 1016 2390 lenibus
1032 2331 1175 2391 remediis
1192 2331 1332 2410 aptior⁴),

198 2436 235 2475 eo
255 2415 337 2494 apud
353 2415 475 2496 plebem
497 2416 603 2476 favore
620 2416 761 2491 florebat,
783 2426 817 2476 ut
832 2416 914 2475 bello
929 2416 1062 2475 feliciter
1077 2418 1218 2476 confecto
1231 2427 1334 2494 patres

197 2499 340 2579 triumphi
355 2501 498 2560 honorem
515 2503 543 2560 ei
558 2501 762 2579 denegarent,
782 2490 961 2575 στασιαστὴν
976 2489 1197 2570 ἀποκαλοῦντες
1212 2498 1262 2559 καὶ
1279 2521 1333 2560 rto-

197 2584 303 2656 λιτείας
320 2586 454 2663 πονηρᾶς
469 2579 594 2664 ἐραστήν
611 2586 816 2666 (Dionys.VI,
829 2592 888 2659 30),
906 2605 997 2666 quam
1012 2605 1149 2645 caussam
1175 2586 1268 2646 fuisse
1289 2587 1334 2645 Μ’
1353 2637 1355 2641 .

197 2671 339 2731 Valerius
367 2672 487 2730 senatui
512 2672 728 2750 exprobravit,
757 2671 840 2750 quod
868 2671 956 2748 plebs
982 2671 1114 2730 animum
1141 2670 1332 2749 despondere

197 2762 229 2813 et
247 2754 285 2814 de
309 2756 518 2815 incolumitate
542 2777 598 2816 sua
615 2757 695 2816 male
716 2775 839 2834 sperare
862 2757 1014 2834 coepisset
1035 2755 1136 2833 (idem
1152 2777 1177 2814 ο.
1196 2754 1260 2834 58)
1293 2755 1331 2814 Τ.

195 2839 338 2912 Larcius,
362 2841 452 2900 homo
476 2841 611 2920 prudens
635 2850 666 2901 et
681 2850 839 2916 strenuus,
862 2839 899 2898 ob
919 2842 1047 2899 virtutes
1064 2850 1095 2899 et
1109 2839 1184 2898 belli
1204 2841 1333 2917 gloriam

197 2927 327 2984 omnium
340 2927 454 3002 primus
471 2925 600 2985 dictator
616 2935 736 2986 creatus
752 2924 898 3006 (Dionys.
921 2927 960 2998 V,
974 2923 1032 3000 71),
1047 2925 1091 2983 ita
1106 2924 1244 2985 liberalis
1259 2933 1332 3000 erat,

195 3016 230 3066 ut
245 3008 394 3067 seditione
409 3017 475 3068 orta
490 3030 581 3088 quum
598 3012 651 3069 alii
670 3031 735 3084 eos,
759 3013 813 3090 qui
829 3011 954 3072 Servilii
975 3009 1106 3068 consulis
1122 3009 1213 3069 fidem
1236 3012 1334 3070 secuti

196 3093 393 3164 militassent,
413 3111 485 3152 aere
503 3095 605 3154 alieno
621 3095 798 3154 liberandos
818 3103 991 3167 censerent,
1007 3114 1069 3152 non
1084 3093 1116 3152 id
1130 3102 1249 3172 tempus
1265 3115 1333 3154 esse

197 3175 329 3250 diceret,
351 3186 386 3236 ut
398 3179 505 3236 merita
522 3179 728 3238 tantummodo
743 3180 992 3239 exsolverentur:
1014 3187 1108 3238 totam
1123 3179 1246 3256 plebem
1262 3199 1333 3238 aere

197 3261 299 3320 alieno
308 3261 476 3321 demersam
487 3283 563 3338 esse,
575 3283 632 3323 nec
645 3266 817 3343 sistiposse,
829 3267 862 3322 ni
871 3263 1008 3324 omnibus
1017 3259 1206 3337 consulatur;
1225 3263 1334 3342 quiesi

196 3346 259 3404 alia
275 3346 315 3404 sit
327 3347 455 3406 aliorum
468 3347 617 3423 condicio,
636 3347 763 3408 accendi
774 3350 870 3424 magis
886 3346 1067 3406 discordiam
1084 3365 1175 3424 quam
1189 3346 1290 3405 sedari
1298 3345 1333 3424 ⁵).

266 3561 293 3626 1)
312 3560 399 3627 Vulgo
418 3561 464 3627 Sp.
486 3561 620 3611 Nautium
637 3560 778 3626 supplent,
799 3561 870 3626 quod
889 3560 988 3611 falsum
1008 3575 1067 3611 csse
1084 3559 1217 3612 Niebuhr.
1236 3576 1263 3625 p.
1282 3557 1333 3610 676

195 3629 373 3682 demonstrat.
404 3631 434 3682 si
447 3629 639 3682 hariolandum
658 3632 694 3680 sit
712 3633 739 3680 in
752 3648 791 3694 re,
804 3633 837 3681 de
852 3647 906 3695 qua
921 3630 989 3680 certi
999 3629 1068 3680 nihil
1082 3629 1214 3682 constitui
1231 3631 1332 3694 potest,

193 3699 225 3751 P.
245 3701 399 3767 Virginium
417 3701 501 3750 fuisse
518 3700 679 3762 coniiciam,
697 3717 776 3765 quem
794 3715 876 3749 unum
895 3717 909 3751 e
927 3699 1052 3770 patribus
1077 3702 1187 3764 praeter
1210 3700 1333 3749 nomina-

195 3773 238 3819 tos
257 3785 274 3820 a
292 3771 428 3836 Dionysio
447 3770 521 3834 apud
537 3769 643 3834 plebem
663 3773 754 3834 gratia
773 3771 897 3820 floruisse
917 3769 1033 3831 scimus,
1050 3785 1078 3821 v.
1098 3769 1213 3832 Dionys.
1225 3769 1273 3830 VI,
1289 3768 1332 3820 37.

194 3839 307 3904 Legatis
325 3855 407 3892 unum
425 3840 515 3892 virum
532 3855 586 3890 non
604 3839 774 3890 consularem
792 3838 952 3890 interfuisse
969 3838 1084 3903 Dionys.
1105 3837 1215 3899 scribit3
1235 3853 1332 3888 novem

196 3921 309 3971 quorum
339 3911 450 3962 nomina
472 3908 614 3974 leguntur,
640 3925 732 3960 omnes
764 3909 921 3960 consulares
946 3912 1038 3970 erant,
1061 3909 1092 3958 P.
1114 3907 1255 3972 Virginius
1277 3922 1332 3956 non

196 3983 272 4034 crat,
292 3979 340 4028 sed
364 3981 436 4030 idem
459 3979 487 4029 in
511 3984 610 4030 senatu
628 3993 661 4030 ea
678 3980 763 4031 verba
781 3993 830 4044 pro
852 3977 930 4042 plebe
948 3977 1066 4041 fecerat,
1087 3977 1167 4027 cuius
1187 3975 1332 4027 consilium

195 4047 312 4096 medium
331 4052 448 4100 maxime
473 4052 501 4099 et
523 4049 691 4100 moderatum
715 4049 871 4110 videretur,
891 4065 916 4100 v.
936 4047 1054 4113 Dionys.
1076 4046 1094 4098 l.
1114 4046 1132 4097 l.
1150 4046 1211 4098 Liv.
1230 4045 1268 4108 II,
1288 4045 1330 4095 29.

196 4113 232 4162 Et
259 4130 357 4167 nomeu
382 4119 440 4169 cius
461 4123 572 4183 propter
600 4119 632 4168 A.
652 4119 771 4184 Virginii
796 4133 895 4168 nomen
922 4116 1032 4168 facilius
1059 4115 1184 4166 excidere
1212 4120 1330 4180 poterat.

197 4183 225 4247 2)
248 4183 345 4235 Livius
369 4187 413 4248 11,
433 4187 467 4238 32
492 4188 637 4238 oriundum
661 4205 694 4238 ex
718 4189 796 4254 plebe
814 4187 890 4239 dicit.
962 4186 990 4250 3)
1007 4188 1123 4252 Dionys.
1138 4186 1187 4248 VI,
1205 4186 1248 4236 23.
1268 4183 1332 4232 Mu-

196 4249 261 4299 vloo
278 4245 437 4317 Οὐαλερίου
455 4252 509 4304 τοῦ
526 4248 757 4322 δημοτικωτάτου
776 4273 849 4322 sqq.;
869 4256 939 4306 idem
958 4257 1006 4318 VI,
1025 4256 1068 4308 39.
1088 4245 1247 4314 δικτάτωρα
1266 4243 1332 4299 darf-

196 4315 294 4381 δειξαν
302 4314 421 4370 Μάνιον
438 4313 596 4388 Οὐαλέριον
609 4320 839 4390 δημοτικώτατον
853 4322 996 4374 δοκοῦντα
1015 4318 1131 4375 ἔσεσθαι
1148 4337 1219 4385 sqq.,
1232 4324 1260 4368 et
1276 4317 1333 4382 plu-

196 4389 272 4440 mas
291 4390 354 4440 atre
376 4390 455 4440 roca.
525 4391 629 4454 nutv.
649 4395 692 4459 11,
715 4397 758 4448 23.
792 4396 907 4460 Dionys.
927 4394 981 4456 v1,
998 4394 1041 4444 το.
1112 4388 1142 4449 5)
1157 4389 1217 4439 Liv-
1237 4385 1330 4449 11‚²9·
1359 4402 1361 4406 ·

194 4459 309 4526 DIonys.
329 4459 377 4524 Vl,
394 4459 437 4511 37.

1059 4535 1124 4601 12*
