3246 5328
529 430 571 481 De
588 427 721 495 Aeschyli
732 426 939 493 Agamemnone.

459 590 519 654 Kal
532 583 565 652 τὰ
579 590 634 670 μὲν
653 581 711 672 πρὸ
728 581 885 691 χρηροὲιοιν

458 679 594 754 Κτησίονν
608 669 700 736 ὄκνον
714 677 814 755 βολον

284 776 289 820 t
308 766 370 817 vlt*¹
457 757 632 838 Σφενδόνοις
649 750 704 820 ἄπ’
722 753 880 840 εὐμέτρου,

460 837 525 906 Oria
542 845 595 906 ἔδυ
609 839 725 925 πρόπας
740 839 828 922 δόμος

458 931 605 1008 Πημονᾶς
618 928 715 1010 γέμων
730 919 823 1009 iiyov,

460 1007 534 1076 Οὐδ’
551 1009 685 1076 ἐπόντισε
700 1008 826 1092 σκάφος.

164 1101 322 1160 Lacunam
343 1102 455 1162 additis
482 1097 678 1180 ἐπαιρομένου
698 1091 798 1178 τύχαις
821 1097 947 1178 explere
969 1106 1094 1156 conatus
1114 1117 1194 1170 surn,
1217 1115 1297 1176 qnae

165 1185 261 1244 verba
287 1187 479 1247 intercidisse
505 1188 672 1247 verisimile
699 1186 798 1246 videri
819 1192 932 1264 potest,
961 1184 1034 1264 quia
1056 1183 1160 1243 oculus
1180 1179 1298 1241 librarii

164 1279 289 1352 propter
303 1271 466 1350 primarum
480 1271 635 1333 literarum
650 1271 879 1332 similitudinem
892 1268 931 1328 ad
946 1288 1053 1327 vocem
1069 1265 1189 1327 ἔπαισεν
1203 1267 1297 1326 facile

165 1355 306 1440 aberrare
322 1367 451 1435 poterat.
488 1357 549 1417 Pro
566 1348 653 1428 ὄκνος
672 1358 782 1436 scripsi
798 1346 899 1414 ὄκνον.
931 1351 1030 1431 Quam
1047 1354 1127 1412 enim
1141 1352 1234 1430 vulgo
1249 1351 1297 1412 his
1346 1421 1352 1436 ι

165 1441 267 1499 verbis
283 1444 466 1502 sententiam
479 1443 580 1503 inesse
598 1442 782 1517 existimant,
797 1449 831 1500 ut
844 1439 932 1498 navis
946 1440 1064 1498 servari
1080 1437 1196 1496 dicatur
1210 1445 1297 1516 parte

164 1526 307 1585 mercium
325 1529 439 1603 eiecta,
462 1548 499 1588 ea
518 1529 619 1587 inesse
634 1528 756 1607 nequit,
781 1527 853 1608 quia
864 1523 1054 1605 Aeschylum
1071 1523 1151 1582 falsa
1164 1522 1297 1598 imagine

164 1629 251 1671 usum
272 1631 339 1670 esse
358 1633 465 1692 parum
486 1622 532 1672 est
551 1612 719 1691 probabile.
755 1610 867 1670 Funda
894 1609 975 1669 enim
995 1609 1121 1668 iacimus
1145 1607 1237 1684 longe
1253 1607 1296 1663 ia-

166 1695 291 1772 cienda3
307 1717 425 1762 merces
438 1698 562 1756 navium
578 1707 678 1757 autem
694 1696 772 1755 nihil
785 1697 889 1770 refert,
904 1703 1002 1753 utrum
1016 1691 1132 1772 procul,
1149 1712 1188 1750 an
1203 1709 1296 1768 prope

165 1801 184 1837 a
201 1781 275 1839 navi
290 1782 322 1837 in
334 1803 418 1841 mara
434 1781 593 1856 decidant,
616 1781 705 1841 modo
728 1781 898 1841 eiiciantur.
934 1778 1048 1838 Contra
1064 1779 1152 1836 timor
1169 1785 1201 1836 et
1214 1777 1296 1836 solli-

165 1865 265 1924 citudo
281 1876 365 1926 recte
380 1867 487 1946 procul
499 1865 673 1926 abiicienda
689 1865 837 1940 dicuntur,
853 1864 935 1924 unde
950 1853 1008 1942 πρὸ
1024 1853 1181 1941 χρημάτων
1196 1851 1297 1922 ὄκνον,

75 1966 79 1972 ·
164 1951 302 2008 timorem
327 1951 364 2010 de
394 1950 525 2022 divitiis,
550 1951 705 2028 iungenda
729 1970 797 2009 esse
820 1959 1057 2009 consentaneum
1078 1955 1133 2008 est.
1169 1945 1244 2004 Post
1264 1934 1297 2003 ιὸ

164 2030 219 2108 μὲν
244 2043 440 2112 exspectares
461 2023 493 2092 τὸ
515 2029 560 2109 δὲ,
583 2034 666 2114 quod
695 2035 835 2092 omissum
860 2041 920 2105 est,
942 2033 1014 2111 quia
1029 2033 1108 2090 haec
1124 2031 1296 2089 sententiae

164 2137 236 2196 pars
256 2118 350 2176 facile
373 2120 559 2195 cogitatione
581 2118 718 2195 suppleri
741 2125 852 2194 potest.
882 2117 931 2176 Ita
943 2116 1045 2175 Prom.
1069 2123 1129 2178 ato.
1147 2101 1183 2170 roi
1198 2109 1252 2188 μέν
1266 2102 1295 2168 ο’

166 2199 282 2283 carrega
291 2245 297 2257 .
330 2201 385 2259 Ait
399 2203 490 2278 igitur
506 2200 613 2260 chorus
636 2203 679 2260 ita
694 2201 809 2260 servari
826 2200 929 2260 domos
948 2209 1040 2280 atque
1055 2194 1167 2272 naves,
1188 2196 1213 2256 si
1230 2197 1297 2276 quis

166 2285 272 2365 opibus
291 2306 353 2345 non
375 2286 507 2345 sollicite
522 2285 641 2361 timeat,
662 2285 718 2345 sed
737 2305 804 2344 earn
821 2284 1056 2344 sollicitudinem
1071 2301 1189 2342 omnem
1204 2281 1297 2358 longe

167 2371 300 2430 abiiciat.
330 2371 466 2430 Divitias
482 2371 606 2430 amissas
624 2371 812 2449 recuperari,
828 2371 1007 2448 sanguinem
1024 2368 1121 2429 semel
1137 2365 1297 2426 effusume

165 2457 253 2516 venis
269 2456 422 2516 neminem
435 2471 581 2516 revocare
600 2476 700 2536 posse.
732 2457 829 2514 Totus
846 2463 946 2514 autem
961 2455 1012 2513 hic
1026 2455 1112 2513 locus
1127 2454 1170 2511 ita
1186 2460 1297 2510 tracta·

165 2549 250 2600 tura
272 2542 378 2616 choro,
400 2551 434 2600 ut
454 2541 569 2621 duplex
596 2542 660 2600 eius
683 2540 841 2599 consilium
862 2541 957 2600 fuisse
978 2539 1130 2598 videatur.
1163 2536 1244 2595 Nam
1267 2544 1298 2594 et

166 2625 204 2685 de
214 2626 452 2704 Agamemnonis
465 2624 627 2684 ambitione
645 2633 675 2684 et
690 2646 778 2706 opum
794 2623 937 2702 cupidine
954 2625 1076 2702 cogitat,
1088 2641 1149 2702 qua
1165 2619 1296 2692 ductum,

164 2731 203 2770 ne
220 2712 422 2790 principatum
442 2711 609 2785 amitteret,
624 2709 707 2769 filiae
720 2709 898 2786 sanguinem
915 2709 1058 2768 effudisse
1074 2706 1246 2777 arbitratur,
1268 2712 1299 2762 et

163 2798 218 2855 toti
245 2795 347 2855 domui
362 2796 398 2855 ob
420 2795 452 2854 id
475 2796 590 2854 crimen.
612 2795 769 2870 imminere
790 2795 957 2872 perniciem
980 2792 1141 2870 significat.
1176 2788 1299 2848 Alludit

165 2891 266 2940 autem
292 2879 332 2939 ad
355 2882 468 2940 crimen
491 2879 731 2956 Agamemnonis
753 2878 811 2936 hoc
830 2879 897 2938 loco
916 2879 984 2948 ¹sine
999 2877 1065 2936 ulla
1084 2873 1251 2935 acerbitate
1268 2881 1299 2930 et

165 2974 330 3024 commotus
349 2965 469 3039 dolore,
498 2965 570 3043 quia
592 2964 652 3022 iarn
666 2963 820 3023 benevola
840 2965 872 3022 in
894 2965 962 3022 euni
981 2970 1083 3021 mente
1100 2961 1202 3020 utitur.
1239 2957 1297 3016 Po-

165 3051 282 3108 stremis
311 3050 451 3108 carminis
471 3047 611 3108 versibus
634 3047 873 3108 sollicitudinem
894 3067 978 3107 suam
1003 3046 1081 3105 adeo
1104 3045 1297 3104 manifestam

166 3153 234 3192 esse
251 3123 397 3208 affirmat',
419 3141 454 3191 ut
467 3153 568 3210 paene
585 3130 667 3190 mala
687 3134 790 3192 futura
804 3133 926 3190 iamiam
950 3131 1053 3212 eloqui
1067 3150 1158 3210 posse
1177 3127 1237 3188 sibi
1251 3127 1296 3185 vi-

167 3217 287 3292 deatur,
302 3218 362 3276 nisi
378 3219 543 3276 communis
557 3237 658 3275 rerum
672 3205 870 3276 humanarum
885 3237 949 3276 sors
962 3216 1020 3274 hoc
1034 3223 1129 3276 vetet.

229 3299 329 3378 Supra
343 3310 405 3360 tres
418 3321 540 3360 caussas
553 3301 684 3360 morales
699 3322 767 3360 esse
784 3301 858 3374 dixi,
869 3296 953 3360 unde
969 3300 1080 3360 caedes
1092 3299 1296 3376 Agamemno·

165 3385 212 3444 nis
232 3384 302 3444 duci
316 3394 434 3462 posset,
456 3385 580 3443 nimiam
594 3385 782 3457 felicitatem,
802 3385 922 3462 culpam
940 3387 1100 3458 maiorum,
1116 3383 1211 3460 ipsius
1230 3400 1295 3440 sce·

165 3471 222 3528 lus.
251 3471 369 3529 Harum
389 3469 516 3548 primam
537 3469 646 3546 vulgus
664 3477 694 3528 et
710 3467 926 3544 Calchantem,
947 3470 1076 3528 alteram
1093 3464 1297 3525 Cassandram

166 3563 197 3614 et
220 3553 513 3636 Clytaemnestram,
540 3555 661 3612 tertiam
684 3554 873 3633 potissimum
902 3554 1024 3612 chorum
1052 3551 1205 3627 amplecti.
1254 3547 1297 3604 Et

164 3640 292 3719 primam
308 3638 430 3720 quidem
451 3658 470 3696 a
491 3638 580 3696 choro
601 3638 695 3717 plane
716 3636 879 3714 improbari
893 3637 1033 3696 vidimus.
1065 3633 1218 3706 Alteram,
1235 3650 1296 3709 qua

166 3725 277 3785 caedes
300 3745 319 3784 a
338 3725 483 3782 maiorum
503 3723 594 3800 culpa
615 3721 786 3800 repetenda
806 3722 860 3796 sit,
883 3741 945 3780 non
966 3739 1089 3800 prorsus
1111 3726 1218 3795 negat,
1241 3713 1296 3774 sed

167 3829 233 3868 cum
248 3830 303 3870 sua
319 3808 358 3868 de
382 3807 486 3868 divina
504 3807 621 3866 iustitia
636 3807 778 3884 opinione
795 3806 957 3866 conciliare
976 3805 1095 3880 studet,
1112 3802 1145 3861 id
1157 3801 1239 3882 quod
1256 3819 1295 3859 ex

165 3894 218 3968 iis,
235 3915 313 3974 quae
331 3914 398 3952 oum
415 3891 661 3971 Clytaemnestra
678 3891 709 3949 in
724 3891 784 3948 fine
806 3890 930 3950 fabulae
948 3891 1111 3970 disceptat,
1127 3885 1296 3966 apparebit.

165 3978 284 4037 Tamen
298 3978 351 4038 ubi
364 3979 461 4056 prima
477 3975 651 4037 Cassandra
667 3975 747 4034 hane
760 3994 898 4034 caussam
913 3976 1040 4054 profert,
1059 3973 1124 4032 eius
1139 3971 1234 4031 verba
1247 3990 1295 4029 rc·

143 4141 145 4145 ,
167 4062 300 4138 spiciens
314 4063 435 4122 'chorus
456 4063 488 4120 in
516 4062 664 4136 carmine,
689 4058 769 4140 quod
789 4061 941 4138 sequitur,
961 4062 1102 4120 miseram
1124 4056 1305 4116 mortalium

168 4146 315 4220 omnium,
337 4167 416 4228 quae
434 4147 536 4205 futura
557 4146 611 4219 sit,
626 4145 773 4204 maiorum
792 4144 912 4223 culpam
927 4147 1075 4205 luentium
1091 4142 1297 4202 conditionem

168 4229 318 4309 queritur,
336 4239 367 4288 et
383 4231 480 4290 innuit
497 4251 530 4290 se
545 4229 704 4308 indignum
716 4229 860 4302 iudicare,
874 4229 899 4288 si
915 4231 982 4310 quis
996 4228 1078 4288 mala
1091 4226 1295 4305 Agamemno·

167 4313 215 4371 nis
231 4333 250 4370 a
263 4313 410 4371 maiorum
428 4316 519 4391 culpa
532 4316 630 4393 potius
646 4334 735 4394 quarn
754 4313 792 4372 ab
813 4314 909 4392 ipsius
930 4315 1047 4374 scelere
1064 4312 1165 4371 ducat.
1193 4307 1298 4369 Verba

170 4398 234 4458 eius
250 4396 328 4456 haec
343 4405 428 4456 sunt:
449 4397 660 4473 Agamemnon
680 4397 889 4473 felicissimuS,
906 4399 944 4456 ab
960 4400 1034 4476 ipsis
1048 4397 1109 4454 Drs
1123 4395 1296 4460 honoratus,

376 4479 445 4538 Νῦν
458 4470 483 4536 δ’
502 4478 529 4537 al
541 4476 730 4558 προτέρων
745 4470 809 4554 αἷμ’
828 4469 978 4554 ἀποτίσει,

1024 4572 1069 4633 4*
