3230 5308
310 346 328 408 8
676 348 718 400 De
733 346 899 400 carminibus
915 345 1076 414 Aeschylcis

273 492 280 501 ¹
309 504 337 570 d'
360 504 447 570 ἕν’
406 505 600 611 μαχᾳχερός-
587 504 682 585 -Διὸς
696 505 833 586 κόρα,Δ
804 510 924 571 Δίκαν
939 508 970 570 δέ
984 532 1034 570 νιν
1050 530 1305 589 κροςαγορευομεν
1321 521 1396 573 ete·
1389 513 1446 588 ,in

309 599 424 658 finestr
397 598 477 676 ι..β
504 587 642 676 Παρατο
657 620 722 674 proc
737 595 827 671 ἰδειν
850 596 958 656 eadem
974 595 1111 656 verbam
1127 599 1188 656 fine
1207 590 1327 672 ιιιι.β’.
1360 599 1445 657 Dein
1509 673 1515 686 .

309 683 369 741 nisi
392 693 462 744 cant
464 704 530 743 ores
546 685 606 743 sint
623 684 676 742 alii
683 689 875 761 ,systemata
891 703 976 742 nexu
992 703 1055 742 non
1072 683 1147 741 satis
1164 681 1337 742 cohaerent.
1368 683 1444 744 Ter

311 768 410 826 tium
401 769 525 848 mcipit·

557 857 777 940 Ἐπολολυξάτω
794 863 987 928 δεσποσύνων
1002 859 1101 946 δόμων

561 944 720 1032 ἀναφυγὰς
734 955 836 1014 κακῶν
852 965 911 1018 etc.

308 1054 345 1112 In
362 1053 569 1114 antecedentt.
587 1054 677 1115 Orest
665 1063 711 1114 tes
735 1056 973 1116 subiectumt
927 1065 986 1126 est,
1012 1075 1117 1115 verum
1138 1053 1178 1112 ad
1200 1047 1278 1109 ἐκολ.
1298 1074 1360 1112 ιιοιι
1381 1054 1445 1127 ille,

310 1138 365 1196 sod
385 1134 429 1208 τις
450 1138 672 1217 intelligendus
694 1149 749 1199 est.
786 1142 912 1200 Liceret
931 1141 1020 1221 plura
1043 1148 1223 1216 argumenta
1243 1137 1367 1213 afferre,
1386 1140 1446 1198 nisi

309 1243 421 1300 magna
437 1223 550 1282 lacuna
561 1233 642 1284 esset
651 1265 657 1296 ,
676 1245 755 1303 quae
766 1227 882 1303 primae
897 1235 947 1287 str
962 1234 992 1284 et
980 1223 1156 1284 tsecundae
1172 1231 1225 1281 ant
1213 1223 1289 1282 t.istr
1304 1243 1446 1300 magnam

310 1316 428 1384 partem
447 1308 606 1388 absorpsit.

375 1391 570 1452 Dochmiit
539 1402 570 1452 et
572 1394 632 1452 iam
652 1393 684 1451 in
705 1395 741 1452 iis
762 1393 944 1453 carminibus
966 1363 1143 1472 frequentes
1164 1401 1249 1466 suut,
1274 1411 1353 1471 quae
1377 1393 1446 1452 aliis

312 1477 481 1536 interiectis
498 1498 554 1556 per
569 1477 729 1555 analepsin
751 1479 860 1538 iisdem
876 1478 979 1537 verbis
994 1486 1181 1556 repetuntur.
1216 1476 1305 1554 Quae
1323 1497 1341 1534 a
1356 1477 1446 1536 choro

312 1583 373 1622 non
394 1563 426 1620 in
428 1570 513 1639 tegre
536 1569 641 1620 cantat
642 1581 661 1620 a
682 1583 748 1622 esse
768 1565 859 1622 etiam
876 1564 1029 1642 analepsis
1050 1562 1161 1621 docere
1176 1562 1262 1621 videt
1250 1571 1313 1634 tur,
1331 1561 1369 1620 de
1386 1582 1447 1641 qua

313 1669 342 1708 v.
359 1646 449 1705 infra.
476 1647 661 1725 Exemplum
676 1649 832 1722 carminis,
849 1648 929 1727 quod
943 1657 1038 1707 totum
1049 1656 1218 1725 repetatur,
1237 1667 1329 1706 unum
1346 1655 1448 1706 exstat

312 1734 344 1791 in
358 1732 447 1790 Eum.
462 1752 493 1790 v.
511 1741 562 1795 769
580 1751 646 1810 sqq.

376 1817 427 1874 De
445 1816 642 1890 carminibus,
658 1837 785 1895 quorum
800 1819 892 1876 etiam
911 1817 1053 1896 strophae
1071 1818 1150 1874 inter
1164 1816 1268 1894 plures
1285 1816 1447 1876 eboreutas

227 1975 230 1982 .
315 1899 507 1974 dividuntur,
522 1922 584 1960 non
603 1922 677 1980 opus
693 1911 739 1960 est
758 1911 792 1960 ut
808 1903 904 1962 fusius
921 1921 1089 1980 exponam,
1120 1899 1198 1959 adeo
1214 1901 1351 1960 omnibus
1367 1900 1448 1959 indi-

316 1987 380 2055 ciis,
397 2005 477 2063 quae
491 2005 530 2045 ex
543 1988 685 2059 numeris,
703 1997 891 2064 argumento,
906 2005 990 2046 nexu
1004 1994 1034 2044 et
1044 1987 1225 2045 testimoniis
1240 1994 1378 2045 veterum
1393 2007 1447 2064 pe·

313 2079 431 2143 tumtur,
451 2072 575 2131 chorum
586 2092 647 2130 non
662 2073 814 2149 integrum
830 2073 978 2132 cecinisse
991 2079 1128 2150 apertum
1145 2079 1198 2130 est.
1229 2071 1328 2148 Igitur
1343 2071 1381 2130 de
1397 2072 1448 2130 tri-

314 2156 384 2230 bus,
410 2176 489 2234 quae
513 2155 551 2215 ab
572 2157 750 2216 Hermanno
775 2157 910 2216 indicata
930 2154 1047 2234 sunt¹),
1068 2155 1149 2234 apud
1165 2156 1248 2214 viros
1265 2155 1370 2215 doctos
1386 2157 1448 2215 iam

316 2250 445 2301 constat.
474 2243 634 2318 Leguntur
647 2243 737 2300 Eum.
757 2263 788 2301 v.
804 2252 856 2305 138
874 2263 941 2322 sqq.
957 2241 998 2300 ib.
1014 2261 1044 2299 v.
1062 2251 1114 2304 249
1128 2261 1194 2320 sqq.
1211 2249 1242 2299 et
1259 2241 1326 2318 Spt.
1344 2261 1370 2299 c.
1387 2241 1449 2299 Th.

315 2334 351 2388 78
366 2347 432 2403 sqq.
465 2327 503 2384 In
513 2327 655 2384 ,omnibus
676 2329 794 2385 numeri
808 2327 901 2404 longe
917 2327 1109 2385 dominantur
1124 2325 1302 2385 dochmiaci.
1337 2327 1449 2407 Neque

256 2441 259 2448 ·
317 2411 398 2467 enim
421 2410 609 2486 singulorum
632 2411 684 2468 hic
712 2420 835 2484 cantus,
858 2413 943 2470 cuius
966 2419 1114 2468 commata
1135 2411 1314 2489 plerumque
1341 2411 1449 2470 brevia

315 2501 399 2567 sunt,
421 2493 584 2552 adhibetur
598 2495 658 2553 nisi
675 2496 706 2553 in
721 2515 832 2573 magna
854 2497 1021 2554 animorum
1038 2497 1251 2569 commotione,
1270 2505 1361 2576 atque
1377 2517 1447 2554 con-

313 2580 433 2638 iunctus
452 2587 498 2638 est
512 2599 579 2638 cum
592 2579 688 2638 multa
709 2581 873 2640 saltatione
890 2589 920 2639 et
934 2589 1017 2640 motu
1032 2579 1207 2658 corporis²).
1252 2581 1449 2640 Doobmiacis

313 2663 443 2722 admixti
464 2665 660 2723 inveniuntur
678 2665 811 2739 numeri,
832 2685 960 2744 quorum
981 2675 1103 2724 cantum
1125 2675 1155 2725 et
1175 2667 1273 2743 ipsum
1292 2665 1332 2723 ad
1351 2686 1448 2742 genus

312 2750 410 2806 recita
412 2750 508 2806 tivum
530 2757 598 2827 per
586 2749 713 2806 iuuisse
732 2750 892 2828 probabile
915 2759 974 2824 est,
994 2750 1130 2824 iambici
1151 2751 1314 2824 trochaici,
1332 2752 1447 2811 cretici.

313 2832 468 2891 Scholiast
456 2841 553 2890 tarum
567 2833 740 2891 testimonia
752 2843 823 2893 sunt
838 2833 877 2892 ad
891 2836 981 2893 Eum.
1012 2856 1042 2894 v.
1055 2844 1106 2896 140
1118 2844 1148 2894 et
1164 2837 1248 2913 Sept.
1263 2856 1291 2892 v.
1308 2844 1351 2898 94.
1381 2837 1447 2895 De·

311 2918 405 2994 nique
424 2917 456 2975 in
476 2916 611 2991 omuibus
631 2916 679 2976 his
695 2919 877 2978 canninibus
897 2920 960 2978 fact
948 2929 1012 2978 tum
1026 2919 1180 2993 videmus,
1203 2929 1236 2978 ut
1257 2921 1446 3000 insequenti

312 3020 433 3080 quoque
456 3010 602 3060 commate
624 3005 783 3081 responsio
805 2998 957 3083 quaedam
980 3006 1135 3064 contineat
1123 3014 1171 3064 tur
1186 3005 1239 3062 vel
1256 3006 1443 3064 confirmatio

227 3127 232 3138 .
313 3105 414 3144 eorum
422 3105 525 3165 ,quae
541 3087 572 3144 in
587 3087 792 3166 praecedente
809 3089 892 3148 dicta
907 3097 993 3148 sunt·
986 3090 1183 3168 ,frequenter
1199 3098 1348 3148 commata
1364 3091 1445 3148 omui

300 3171 392 3236 ,inter
409 3191 442 3230 se
457 3190 541 3230 nexu
562 3170 706 3231 destituta
723 3183 806 3249 sunt;
830 3175 909 3246 eius,
934 3175 987 3253 qui
1005 3174 1101 3252 loquit
1102 3194 1153 3245 ur,
1168 3175 1213 3234 int
1201 3173 1319 3232 tardum
1335 3174 1444 3233 cohor-

311 3257 387 3314 tatio
409 3257 443 3315 fit
463 3254 503 3313 ad
526 3255 713 3335 caeteros⁸);
736 3258 817 3317 idem
841 3259 966 3320 Orestes
990 3267 1081 3318 cantu
1108 3258 1147 3316 ad
1168 3259 1246 3318 alios
1268 3267 1446 3318 transeunte

312 3340 401 3399 modo
416 3338 567 3414 secunda,
583 3341 671 3402 modo
684 3344 775 3402 tertia
791 3343 878 3402 verbi
892 3363 1024 3421 persona
1036 3344 1235 3422 compellatur
1243 3339 1279 3421 ⁴).

375 3427 434 3484 His
449 3425 545 3484 tribus
559 3427 757 3503 carminibus,
775 3449 854 3507 quae
870 3430 930 3486 iam
946 3427 984 3486 ab
1000 3430 1069 3488 aliis
1084 3437 1190 3488 notata
1201 3437 1287 3501 sunt,
1305 3434 1446 3507 quartum

312 3509 486 3570 addendum
501 3520 547 3570 est
565 3511 674 3591 Suppl.
690 3534 720 3572 v.
739 3521 895 3586 sue-38,
918 3511 999 3592 quod
1017 3513 1093 3572 licet
1113 3521 1143 3571 et
1162 3514 1257 3572 breve
1280 3514 1318 3571 sit
1334 3521 1365 3570 et
1380 3532 1444 3570 cor·

310 3604 446 3676 ruptum,
465 3605 567 3656 tamen
591 3616 628 3654 ea
644 3597 759 3656 indicia
775 3597 927 3670 continet,
943 3597 1026 3656 unde
1041 3597 1176 3675 singulos
1195 3598 1344 3657 cecinisse
1361 3605 1444 3655 certo

311 3683 448 3760 colligas.
476 3682 591 3741 Nullae
607 3684 687 3740 enim
706 3683 827 3740 omnino
841 3683 1011 3759 particulae
1032 3682 1240 3760 copulativae,
1255 3681 1359 3740 nullus
1376 3701 1445 3739 sen·

310 3768 475 3825 tertiarum
494 3786 606 3840 nexus,
632 3766 804 3825 sententiae
824 3766 1005 3824 brevissimo
1028 3787 1148 3847 quoque
1166 3787 1257 3826 sensu
1278 3766 1445 3825 absolutae.

312 3849 400 3927 Quae
422 3851 469 3910 his
486 3851 624 3927 proxime
647 3849 848 3924 antecedunt,
875 3852 995 3928 etipsa
1019 3851 1194 3928 apartibus
1218 3851 1316 3924 chori,
1339 3871 1444 3930 quam-

292 4008 298 4013 ·
313 3954 404 4013 quam
419 3956 478 3993 non
493 3955 511 3991 a
524 3934 653 4011 singulis
670 3935 739 3993 cani
754 3953 845 4012 supra
860 3955 878 3992 a
891 3954 939 3992 me
954 3935 1115 4013 probatum
1130 3944 1190 4011 est3
1210 3955 1269 4015 quo
1285 3945 1375 3994 cantu
1390 3937 1444 3994 vix

282 4083 284 4088 .
312 4018 414 4090 finito,
439 4038 455 4076 e
471 4018 639 4095 longinquo
659 4015 808 4096 Aegyptii
824 4039 842 4076 a
856 4018 1050 4079 Danaidibus
1067 4021 1294 4098 conspiciuntur
1310 4022 1446 4078 infausta

384 4215 410 4281 1)
424 4218 457 4267 V.
470 4215 539 4266 Eius
551 4217 660 4268 dissert.
673 4219 705 4270 de
717 4219 805 4270 Chore
814 4220 994 4270 Eumenidum
1005 4221 1028 4270 I
1069 4218 1219 4297 2)A11st1d
1229 4221 1314 4283 Quint
1326 4237 1352 4286 p
1347 4220 1398 4271 ,99
1410 4221 1445 4271 de

313 4287 433 4336 numeris
458 4286 642 4367 incoupinnis:
670 4285 718 4337 aul
746 4281 807 4345 τὰς
836 4287 903 4336 τοῦ
916 4281 1108 4368 σώματος
1120 4303 1287 4367 κινησεις
1310 4287 1445 4346 ποικίλας

313 4347 498 4419 ἐπιφέροντες
517 4347 569 4403 οὐκ
585 4346 612 4412 ἐς
631 4347 730 4421 ὀλίγην
748 4349 874 4421 ταραχὴν
893 4349 946 4421 τὴν
959 4348 1261 4422 διάνοιανέξάγοιισιν.
1321 4355 1348 4424 3)
1360 4360 1441 4409 Eum

315 4425 372 4476 138
400 4424 459 4476 259
498 4425 574 4489 Sept.
594 4425 637 4477 96
710 4424 737 4490 4)
757 4427 835 4476 Eum.
858 4426 906 4477 165
926 4431 953 4477 et
975 4427 1032 4478 169.
1050 4427 1101 4478 255
1118 4431 1146 4477 et
1164 4427 1215 4478 259
1235 4442 1294 4492 sqq
