3246 5328
321 430 362 522 5ll
677 462 719 513 De
735 459 865 527 Aeschyli
885 457 1094 526 Agamemnone.

828 569 849 600 Ο

321 629 411 690 modo
427 630 609 707 fugientium
624 627 755 704 vestigia
766 634 998 705 persequentes,
1010 625 1108 684 Troes
1121 632 1194 684 tunc
1208 625 1332 703 nuptias
1343 647 1457 688 summo

321 714 435 793 gaudio
452 714 653 785 celebrantes,
669 731 738 770 mox
757 709 795 768 ob
812 710 923 770 civium
938 709 1065 769 caedem
1082 711 1192 769 misere
1208 710 1455 787 ingemiscentes.

322 799 486 879 Comparat
499 798 652 856 Helenam
669 816 738 855 cum
757 795 857 854 leonis
886 795 1002 870 catulo,
1028 814 1119 894 quem
1141 795 1210 874 quis
1228 794 1330 854 forte'
1322 817 1355 854 ιιι
1370 795 1458 856 domo

321 905 377 944 sua
392 883 585 956 educaverit,
600 889 775 954 mansueto,
796 879 912 939 blande
929 901 997 938 cum
1010 881 1113 957 pueris
1130 887 1162 938 et
1179 879 1303 940 senibus
1317 879 1456 956 ludente,

321 988 406 1043 mox,
426 968 479 1027 ubi
493 965 678 1040 adoleverit,
700 963 845 1025 caedibus
858 964 1009 1024 beneficia
1027 964 1226 1044 rependente.
1272 966 1407 1026 Troiae'
1399 967 1456 1042 rgi-

319 1063 367 1112 tur
382 1054 525 1131 exemplo
544 1051 698 1150 proposito
713 1052 745 1110 in
761 1069 899 1109 caussam
915 1050 1049 1148 inquiri,
1028 1049 1110 1108 tob
1127 1069 1218 1128 quam
1234 1070 1360 1128 magnas
1378 1050 1454 1110 divi-

320 1139 379 1197 tias
400 1139 489 1196 toties
504 1137 657 1216 pernicies
677 1143 837 1216 sequatur,
859 1155 921 1214 qua
935 1135 967 1193 in
982 1155 1016 1193 re
1032 1154 1064 1194 se
1079 1134 1207 1193 multum
1222 1133 1398 1214 discrepare
1414 1136 1457 1194 ait

321 1243 340 1280 a
353 1222 474 1298 vulgari
491 1222 650 1300 opinione:

529 1336 721 1413 Παλαίφατος
737 1323 765 1392 d
783 1330 815 1392 ἒν
829 1334 946 1412 βροτοῖς
959 1332 1054 1416 γέρων
1072 1327 1158 1435 λόγος

530 1419 688 1496 Τέτυκτοιι,
703 1416 795 1498 μέγαν
813 1416 988 1478 τελεσθέντα
1004 1412 1101 1496 φωτὸς
1117 1412 1215 1499 ὄλβον,

523 1506 736 1604 Τεκνοῦοθοιι,
754 1495 824 1604 μηδ’
845 1495 959 1562 ὂῖττοιιδα
972 1500 1134 1582 θνήσκειν·

523 1579 621 1650 ’Eat'
638 1582 758 1690 ἆγαθᾶς
771 1581 967 1687 τοχοιςγὲνει

527 1670 710 1734 Blacinaco
727 1665 886 1750 ἀκόρεστον
903 1665 994 1744 οἰζύν.

532 1748 669 1858 Alxod’
693 1752 1107 1856 dlieopopdppnvel-

560 1843 646 1901 ί·το
635 1831 922 1921 δυσσεβὲςγᾶρ
944 1840 1054 1924 ἔργον

528 1866 1021 2003 Μετᾶμὲνιτλείονατίιιτει

530 2003 748 2108 Zpsrtppd’
767 2006 1034 2110 εἰκόταγὲννᾳ.

531 2072 976 2194 Οἴκωνγᾶρεύθοδίιιοιν

530 2170 1054 2264 Καλλίποιιςιτότμοςᾶείορρ.

321 2297 411 2376 Quae
437 2295 532 2356 verba
556 2298 719 2377 exscripsi,
744 2299 817 2378 quie
844 2299 933 2378 quasi
955 2301 1203 2366 commentarium
1224 2301 1381 2361 continent
1402 2322 1452 2360 eo·

322 2403 402 2456 rum,
420 2401 499 2462 quae
516 2382 639 2442 chorum
653 2384 750 2460 primo
767 2385 900 2444 carmine
916 2384 1088 2461 significare
1105 2384 1185 2459 dixi,
1202 2385 1260 2445 sibi
1279 2387 1453 2464 opinionem

321 2467 360 2526 de
373 2468 433 2526 Drs
447 2467 560 2525 nimiae
575 2467 718 2526 felicitati
733 2468 888 2526 hominum
902 2467 1110 2528 invidentibus
1121 2470 1293 2548 improbari.
1322 2471 1452 2549 Magnas

321 2551 444 2612 divitias
464 2571 520 2630 per
534 2571 567 2611 se
583 2553 726 2612 innoxias
739 2561 843 2632 putat,
864 2553 924 2611 nisi
945 2552 1029 2631 quod
1046 2554 1210 2613 infaustam
1225 2555 1367 2614 fiduciam
1383 2577 1452 2634 pro-

321 2645 440 2710 creent,
460 2657 542 2734 quae
561 2638 632 2732 ἰροο
658 2639 719 2696 iam
739 2637 848 2716 cnlpae
867 2637 932 2696 filia
947 2637 1163 2697 consiliatrix
1154 2647 1200 2696 mt
1188 2639 1357 2700 tolerabilis
1374 2641 1450 2720 (376

319 2683 539 2799 προβουιόιταις
556 2740 683 2820 αφερτος
701 2713 797 2798 ι’ἱτοις).

404 2806 586 2864 Revertenti
601 2826 667 2883 regi
658 2807 789 2865 chorus
798 2805 897 2886 ,quid
912 2815 943 2866 et
957 2814 1050 2866 antea
1067 2804 1106 2864 de
1122 2825 1159 2864 eo
1174 2809 1322 2883 senserit,
1338 2818 1369 2868 et
1380 2818 1452 2868 tuno

320 2891 447 2964 sentiat,
465 2890 599 2966 ingenue
620 2891 786 2969 profitetur.
824 2889 1088 2972 Clytaemnestrae
1105 2899 1209 2950 contra
1224 2893 1382 2971 coniugem
1398 2913 1451 2952 ex-

321 2973 436 3050 cipient
437 2973 462 3031 is
477 2982 563 3033 tante
584 2984 631 3034 est
643 2985 734 3054 propt
737 2995 769 3035 er
722 2975 1057 3035 tdisaimulationem
1073 2977 1191 3076 atque
1182 2977 1396 3058 moniamque
1407 2980 1452 3037 uti

320 3058 449 3134 gaudet,
423 3057 600 3118 tadulatio
616 3070 708 3142 atque
724 3061 772 3119 iac
774 3061 885 3135 tantia,
907 3070 941 3120 ut
929 3062 1047 3120 tchoro
1062 3061 1194 3138 suspicio
1216 3060 1254 3120 de
1275 3063 1450 3122 sinceritate

321 3143 387 3204 eius
413 3143 484 3202 oriri
510 3143 632 3204 debeat.
677 3145 755 3206 Inde
773 3153 923 3226 sequente
949 3146 1082 3204 carmine
1108 3145 1344 3206 sollicitudinem
1369 3167 1453 3206 suam

215 3227 219 3236 ’
319 3229 416 3305 magis
431 3228 589 3306 magisque
602 3239 790 3290 crescentem
805 3229 959 3290 describit.
991 3229 1084 3289 (iuius
1100 3231 1147 3289 rei
1160 3250 1296 3290 caussam
1312 3232 1379 3308 ipse
1395 3231 1452 3290 sibi
1519 3253 1523 3260 ·

320 3312 412 3372 fateri
425 3333 488 3372 ιιοιι
507 3313 587 3388 vult,
612 3314 666 3374 sed
681 3315 817 3389 miratur,
842 3335 922 3396 quae
943 3335 1010 3376 esse
1032 3315 1142 3393 possit,
1164 3337 1216 3376 cur
1237 3325 1307 3394 post
1328 3316 1452 3374 felicem

319 3397 559 3474 Agamemnonis
581 3399 712 3458 reditum
733 3423 794 3461 non
816 3399 952 3476 laetitia,
974 3401 1030 3460 sed
1054 3401 1132 3460 curis
1149 3409 1241 3480 etque
1258 3420 1372 3478 angore
1390 3419 1451 3458 mo-

319 3489 437 3543 veatur.
466 3482 584 3563 Optat,
599 3493 632 3544 ut
645 3494 743 3546 metus
760 3505 832 3546 suus
848 3485 949 3545 irritus
964 3486 1017 3561 sit3
1039 3507 1101 3546 non
1116 3486 1232 3544 irritum
1246 3486 1311 3543 fore
1326 3503 1450 3560 persua-

319 3588 385 3627 sum
404 3567 507 3629 habet.
543 3568 685 3630 Eandem
705 3569 887 3630 insatiabilis
903 3591 992 3649 opum
1011 3569 1162 3650 cupidinis
1181 3578 1272 3648 atque
1293 3585 1450 3644 corporum

317 3653 497 3714 valetudine
513 3653 733 3716 abundantium
745 3655 949 3715 conditionem
967 3675 1050 3714 esse:
1066 3655 1144 3712 haec
1159 3652 1197 3710 ob
1214 3654 1311 3730 ipsam
1328 3650 1450 3707 nimiam

318 3737 529 3796 valetudinem
542 3740 575 3797 in
589 3741 723 3799 vicinum
741 3739 878 3798 morbum
890 3738 1042 3814 incidere,
1065 3757 1190 3810 avaros,
1205 3755 1245 3793 ne
1259 3742 1377 3810 partem
1395 3732 1449 3792 bo-

317 3841 423 3880 norum
439 3823 525 3881 amitt
513 3830 579 3881 tant
585 3826 693 3904 ,ipsos
709 3845 777 3884 oum
792 3823 879 3884 bonis
894 3824 1004 3902 perire.

499 3932 504 3952 '¹
610 3911 896 4022 —vooogpdp**

611 3997 747 4065 Γείτωντ
718 4001 887 4106 ομότοιρος
904 4000 1022 4081 ἐρείδει,

472 4117 477 4156 ς
525 4113 540 4148 z
611 4082 726 4146 Kol'
686 4109 796 4184 πρτμος
813 4087 992 4164 anennoeto

609 4162 732 4249 Ἀνᾶρός
747 4169 952 4316 ξποιιρομένοο

612 4250 732 4336 Τύχαις]
765 4271 838 4316 nuto
865 4253 1044 4332 ἐςαφοινιον
1063 4252 1145 4336 ἕρμα.

317 4461 355 4524 11,
376 4462 399 4514 l.
436 4462 470 4512 K.
490 4462 523 4514 R.
547 4460 606 4514 (lan
627 4463 687 4514 sick
710 4480 771 4516 men
795 4463 860 4530 play
879 4481 910 4516 so
927 4464 1016 4530 nicely
1035 4465 1101 4518 with
1124 4465 1196 4516 their
1214 4467 1330 4516 names?
1356 4465 1445 4514 θαιιιιι.

317 4533 369 4582 Νο.
388 4532 491 4596 misery
507 4532 602 4584 makes
621 4538 698 4598 sport
716 4538 744 4586 to
761 4535 841 4584 mook
861 4536 945 4589 itself.
