3254 5304
299 399 357 459 130
462 397 706 451 Coniectaneorum
725 394 753 445 in
771 391 899 458 Aeschyli
921 389 1067 460 Supplices
1089 407 1154 459 pars
1168 388 1265 442 altera.

496 571 549 629 790
569 559 688 619 Λίιανα
704 559 830 654 θεοῖσι,
834 553 886 614 nol

566 642 657 704 Τίλεα
672 639 704 701 δέ
718 661 772 736 μοι
783 641 855 714 πῶς,
874 632 1021 741 πελόμενά
1034 659 1084 738 μοι

565 719 710 824 Λάσιμοι.
731 715 886 825 μάχιμαδ’
905 722 1003 801 ἔπιδε,
1021 718 1124 802 πάτερ,

567 812 658 872 Bam
672 831 713 889 μη
704 799 854 886 φίλοις’
842 811 923 890 ορῶν

559 890 707 975 Όμμασιν
721 892 860 967 ἐνδίκοις.

492 991 543 1046 795
567 981 658 1060 Σεβίζ
630 972 734 1051 ίζόυδ
753 977 799 1041 ίιιί
799 976 969 1051 ιυςσὲθεν,

567 1060 710 1142 Γαιάοχε,
726 1061 891 1144 παγκρατὲς
908 1065 977 1123 Ζεῦ.

341 1157 468 1243 Αιιι.γί

566 1244 658 1318 Γίνος
670 1236 729 1326 γάρ
744 1243 913 1344 Αίγύπτιον
928 1237 1019 1322 όβριν

569 1325 729 1429 A6oqnpov
744 1320 950 1428 άρσενογενές,

569 1410 657 1475 Μειά
671 1436 706 1492 με
726 1412 858 1513 δρόμοισι
874 1408 1022 1509 διόμενοι,

492 1510 546 1562 800
567 1494 695 1577 Φυγάδα
708 1492 825 1577 μάταισι
838 1489 1019 1576 πολυθρόοις

569 1582 725 1654 Βίίζαιαδ
696 1583 810 1661 ίζηνίαι
824 1584 937 1681 λαβεῖν.

568 1658 678 1728 Σδνδ’
695 1665 804 1729 ἐπίπαν
744 1657 908 1768 πανζυμδν

567 1744 733 1814 Ταλάνιου·
747 1743 817 1812 τίδ’
836 1773 909 1811 ανευ
922 1748 1011 1812 σέθεν

571 1833 710 1895 Θναιοῖσι
724 1831 835 1896 τέλειόν
850 1833 943 1910 δστιν;

302 1941 340 2000 In
354 1937 450 2017 primo
464 1936 570 1994 horum
584 1954 726 1994 versuum
741 1959 848 1996 vocem
868 1927 968 2016 ὀμφάν
983 1947 1150 2016 corruptam
1167 1957 1234 1994 esse
1249 1945 1312 1994 tum
1328 1953 1435 1992 sensus

303 2023 476 2096 verborum,
499 2030 563 2079 tum
583 2039 689 2078 versus
711 2022 944 2101 antistrophicos
960 2023 1064 2083 docet:
1087 2019 1179 2091 Γένος
1193 2011 1251 2123 μὰρ
1270 2009 1436 2096 Αἰγύπτιον

302 2101 401 2187 ὕβριν.
429 2067 540 2200 N6que
560 2105 640 2162 enim
661 2103 794 2162 dubitari
815 2115 931 2184 potest,
958 2109 1031 2190 quin
1052 2105 1147 2165 verba
1168 2099 1294 2180 οὐράνια
1313 2099 1385 2180 με’λη
1407 2112 1438 2161 et

306 2193 401 2255 verba
426 2181 593 2268 Αἰγύπτιον
616 2177 707 2265 ὕβριν
728 2188 786 2247 sibi
806 2191 1020 2268 respondeant
1056 2193 1168 2250 Eiecta
1188 2191 1281 2268 igitur
1303 2208 1340 2246 ea
1360 2208 1436 2246 voce

304 2274 514 2336 scribendum:

570 2366 646 2442 Ἴοζε
664 2361 692 2428 δ’
711 2361 838 2450 οὐράνια
855 2369 936 2450 μέλη.

307 2475 489 2555 Corruptela
509 2476 635 2534 fortasse
652 2471 724 2532 inde
745 2480 823 2546 orta,
842 2471 924 2551 quod
939 2475 1006 2551 quis
1028 2472 1163 2534 dissonos
1180 2476 1341 2551 clamores,
1362 2497 1437 2576 quos

308 2561 442 2623 edendos
465 2559 585 2636 dieunt,
608 2546 697 2634 ἰόφ
681 2544 720 2634 lp
742 2577 781 2616 ex
804 2577 895 2616 versu
917 2565 968 2620 807
990 2557 1161 2636 adscripsit.
1190 2560 1314 2635 versui,
1337 2563 1391 2640 qui
1405 2563 1437 2620 in

306 2648 431 2726 stropha
455 2647 607 2741 sequitur:
631 2641 751 2701 Altava
767 2644 866 2698 θεοῖσι
888 2635 954 2714 καὶ,
974 2641 1060 2699 nullo
1075 2641 1163 2700 modo
1178 2644 1344 2720 respondet
1360 2647 1438 2704 enti

306 2731 477 2829 strophicus
500 2721 661 2802 Δόσφορον
686 2713 889 2801 ἀρσενογενὲς,
911 2745 1038 2805 quorum
1055 2733 1184 2804 uterque
1206 2736 1327 2805 corrupt
1328 2749 1363 2786 us
1384 2738 1438 2801 est,

306 2816 389 2891 prio'r
404 2812 442 2869 ob
457 2830 593 2882 sensum,
612 2811 760 2890 posterior
775 2807 812 2867 ob
826 2829 966 2880 numeros
973 2809 1147 2887 ,quinulli
1162 2818 1240 2869 sunt.
1269 2813 1366 2888 Igitur
1380 2833 1441 2871 non

307 2896 495 2968 dubitamus,
514 2894 588 2973 quin
605 2913 641 2952 eo
656 2891 725 2954 loco
736 2893 894 2952 lenissima
906 2855 1074 2954 mutdtione
1089 2893 1283 2954 scribendum
1300 2896 1354 2954 sit.

580 2995 608 3050 A
614 3008 760 3073 υσφρον
781 2982 978 3071 άρσενογενίς.
1031 3043 1034 3048 .

308 3097 401 3176 Quod
428 3098 454 3157 si
480 3117 585 3156 verum
605 3097 645 3155 sit
666 3104 697 3155 et
720 3105 849 3155 metrum
874 3095 991 3156 duobus
1012 3097 1150 3158 versibus
1174 3099 1295 3158 creticis
1316 3104 1441 3169 constet,

307 3204 399 3242 unam
422 3203 530 3242 vocem
547 3182 579 3240 in
597 3181 750 3260 strophico
775 3180 928 3241 excidisse
946 3191 1197 3257 consentaneum,
1218 3202 1310 3262 quam
1332 3183 1423 3239 θεοῖ
1427 3203 1442 3250 ς

308 3268 402 3328 fuisse
420 3269 486 3346 ipsa
501 3267 655 3348 sententia
670 3264 793 3325 videtur
807 3264 954 3327 indicare.
990 3267 1191 3328 Scribendum
1206 3269 1313 3345 igitur:

578 3341 697 3426 Λίιοινα
711 3369 802 3438 θεοῖς
809 3362 863 3424 ’καί
878 3369 994 3438 θεαις.

311 3469 373 3531 Otr.
387 3471 472 3550 Sept.
484 3477 528 3533 86.
544 3458 656 3529 ίοιθεολ
666 3466 740 3527 θεαί
752 3487 792 3542 ιε,
810 3466 851 3526 ib.¹
863 3476 906 3531 98.
922 3455 1016 3544 τίςάρ
1021 3457 1202 3544 ’ίπαριιίοει
1216 3463 1299 3526 θεῶν
1313 3487 1332 3542 η
1318 3456 1442 3539 θεάν;

308 3556 516 3636 —Sequenti
537 3577 566 3615 v.
587 3555 682 3615 Well
703 3554 786 3632 prius
805 3547 856 3628 μοι
877 3559 961 3611 recte
979 3551 1053 3613 droit
1065 3553 1235 3613 tollendum
1253 3574 1328 3613 esse.
1360 3514 1443 3610 Hinc’

308 3651 389 3701 totus
404 3643 489 3700 locus
504 3641 609 3700 huno
601 3659 632 3698 ιιι
650 3637 771 3750 modqm
786 3635 965 3696 scribendus
981 3646 1012 3696 et
1028 3637 1276 3716 distinguendae.

555 3727 687 3809 ΉΙνζεδ
705 3725 831 3817 οὐράνια
844 3733 917 3813 μέλη

577 3822 696 3882 Λίιανα
713 3826 796 3892 θεοῖς
813 3817 863 3879 καλ
879 3825 974 3892 θεαῖς.

578 3904 669 3966 Τίλεα
685 3903 717 3966 δὲ
731 3907 795 3976 πῶς
811 3897 956 4004 πελόμενά
970 3923 1037 3980 μοις

577 3983 702 4067 Λόσιμα
715 3982 827 4066 μάχιμα
842 3980 871 4046 δ’
888 3986 985 4062 ἔπιδε,
1001 3981 1092 4062 πάτερ
1107 4009 1174 4070 sqq.

312 4087 409 4162 „Cum
425 4089 539 4166 gemitu
566 4091 639 4149 effer
655 4099 762 4150 cantus
784 4091 824 4149 ad
840 4091 958 4150 coelum
974 4091 1166 4149 clamitantes
1181 4091 1368 4169 precatorios
1383 4091 1442 4149 Dis

310 4172 506 4250 Deabusque.
548 4172 591 4232 At
607 4193 645 4234 ea
664 4176 717 4254 qui
735 4176 811 4233 fiant
832 4175 906 4233 mihi
925 4175 1017 4234 rata?
1052 4176 1150 4252 Igitur
1170 4195 1303 4254 pugnam
1324 4176 1442 4252 respice

310 4257 530 4332 liberatoriam,
552 4266 640 4337 pater
664 4261 755 4337 sqq.“
770 4291 812 4304 -
832 4260 931 4320 Versu
948 4260 1155 4338 antistrophae
1171 4263 1267 4337 primo
1282 4281 1336 4338 pro
1353 4280 1442 4318 accu-

310 4351 358 4402 sat
359 4343 409 4401 ivo
423 4303 530 4420 ὕβριν
530 4363 597 4402 οιιιιι
613 4343 778 4402 Schuetzio
795 4341 915 4402 dativus
930 4343 1053 4403 videtur
1069 4343 1260 4422 reponendus
1280 4365 1357 4406 esse.

374 4425 463 4505 Quae
474 4435 544 4504 post
558 4447 678 4487 versum
693 4437 744 4491 805
760 4436 938 4508 sequuntur,
955 4429 987 4488 in
1004 4428 1089 4488 libris
1106 4429 1182 4488 adeo
1194 4437 1264 4488 sunt
1280 4429 1391 4502 lacera,
1409 4436 1443 4486 ut
