3230 5308
520 455 675 523 apartibus
691 439 767 546 611611
784 455 912 508 cantatis.
1245 453 1284 513 19

151 620 276 678 6166161
292 621 493 699 responsione
509 620 561 678 vel
575 618 802 678 confirmatione
825 629 938 680 661661.
971 619 1062 698 Quod
1078 624 1164 682 cuius
1179 629 1282 682 canto·

56 739 58 746 »
149 705 191 762 116
207 705 314 775 fuerit,
342 724 409 764 eum
426 713 663 764 consentaneum
682 704 776 768 estin
790 702 890 762 medio
907 705 1021 764 ordinis
1036 707 1121 781 loco,
1145 716 1283 767 caeteros

151 809 170 846 a
188 789 336 848 lateribus
352 790 417 848 eius
433 791 477 848 ita
492 789 586 848 luisse
605 786 783 865 dispositos,
805 795 839 845 ut
854 790 906 866 qui
923 792 1100 865 sententiis,
1116 792 1207 850 iidem
1223 801 1282 850 sta·

149 874 282 933 tionibus
306 873 364 932 sibi
385 873 615 952 responderent.
652 871 811 930 Interdum
833 874 924 932 etiam
946 874 995 947 fit,
1025 883 1059 933 61
1088 875 1127 934 de
1150 877 1284 955 quinque

151 959 305 1018 commatis
320 959 448 1036 primum
463 959 537 1032 tria,
554 957 626 1016 dein
642 955 701 1014 duo
720 955 779 1016 sibi
793 958 1011 1036 respondeant.

679 1105 708 1182 1.
725 1109 754 1168 e.

149 1205 183 1259 Ite
198 1212 267 1262 cantu
286 1204 446 1260 characterum
462 1207 568 1276 deinceps
587 1205 738 1272 singulorum.
768 1205 795 1260 lu
814 1209 926 1262 6611116616
944 1224 987 1262 saa
1002 1207 1162 1262 deseribuntur
1180 1209 1283 1262 carulas

329 1293 396 1348 hum.
415 1291 510 1346 6138.
530 1291 646 1361 Sept..78
665 1309 716 1361 sqq.
735 1293 767 1345 lb.
786 1293 1094 1364 8611666616.

213 1401 378 1478 Duplieem
392 1418 479 1457 usum
493 1397 576 1476 apud
589 1397 777 1479 Aeschylum
791 1403 974 1480 reperimus,
991 1423 1051 1482 quo
1068 1399 1198 1460 canendi
1213 1419 1282 1479 par·

149 1495 195 1544 tes
211 1507 229 1544 a
245 1485 398 1545 chorentis
414 1483 559 1561 deinceps
575 1484 703 1560 singulis
722 1486 962 1563 susciperentur,
979 1489 1123 1560 alterum,
1144 1486 1218 1564 quia
1233 1505 1282 1543 ra·

148 1571 191 1629 tio
206 1571 290 1628 chori
305 1572 349 1630 ita
359 1567 515 1647 postulare
531 1566 702 1643 videretur,
719 1569 848 1628 alterum
867 1571 906 1629 ad
922 1589 1052 1632 summas
1067 1571 1175 1654 turbas
1187 1578 1282 1649 atque

148 1655 368 1734 trepidationes
384 1651 608 1732 exprimendas.
628 1654 751 1714 Prioris
766 1675 838 1714 usus
855 1657 1029 1736 exemplum
1044 1666 1091 1717 est
1100 1656 1230 1728 Persae,
1251 1656 1282 1714 in

149 1760 210 1819 qua
232 1749 349 1819 septem
371 1757 515 1817 proceres
536 1739 625 1816 regni
645 1737 764 1798 Persici
788 1749 897 1819 quater
918 1741 1032 1819 singuli
1055 1749 1183 1814 canunt,
1213 1759 1280 1808 eam

148 1826 336 1903 potissimum
359 1823 396 1882 ob
419 1842 571 1895 caussam,
598 1832 632 1881 ut
653 1822 788 1898 videtur,
815 1825 896 1904 quod
912 1827 1018 1886 chorus
1034 1834 1157 1886 senatus
1176 1825 1281 1901 imagi-

149 1929 219 1968 nem
234 1908 403 1981 referebat,
419 1908 451 1965 in
466 1927 526 1986 quo
543 1909 665 1985 saepius
685 1909 873 1985 singulorum
886 1920 989 1989 partes
1005 1931 1072 1972 esse
1087 1919 1192 1989 aptum
1206 1917 1280 1968 erat.

147 1994 245 2070 Igitur
265 1995 393 2071 primum
416 2011 538 2050 carmen
560 1991 696 2051 diversas
718 2013 819 2052 eorum
839 1993 877 2052 de
898 2003 1011 2055 eventu
1030 1995 1106 2056 belli
1125 1995 1300 2071 opiniones·

150 2081 303 2151 continet,
331 2076 403 2134 dein
419 2075 546 2151 magicis
570 2077 795 2136 cantationibus
816 2079 945 2136 Darium
966 2099 983 2137 e
1003 2079 1119 2136 tumulo
1140 2085 1282 2148 evocant,

147 2181 280 2232 moxres
298 2180 316 2218 a
330 2160 426 2218 Dario
442 2166 544 2234 gestas
561 2158 732 2232 celebrant,
754 2159 887 2240 denique
904 2161 1042 2220 Xerxem
1057 2161 1198 2220 infaustis
1222 2161 1283 2218 sin-

150 2246 215 2323 guli
229 2244 331 2304 verbis
350 2243 519 2318 excipiunt.
547 2240 803 2300 Administrorum
824 2251 940 2318 autem,
973 2265 1048 2325 quos
1066 2245 1103 2303 iis
1122 2243 1283 2303 adiunctos

138 2331 245 2388 'fuisse
261 2326 422 2408 probabile
438 2333 499 2398 661,
523 2333 626 2402 partes
641 2334 675 2384 ut
696 2327 827 2404 exiguae
848 2349 950 2408 neque
975 2330 1056 2389 aliae
1079 2337 1196 2402 essent,
1223 2329 1284 2388 nisi

150 2413 231 2492 quod
246 2412 285 2471 ad
300 2411 437 2470 universi
453 2409 537 2468 chori
552 2418 717 2470 concentus
736 2411 862 2472 vocibus
878 2416 939 2474 suis
956 2413 1154 2488 accederent,
1176 2421 1280 2492 postu-

152 2497 238 2556 labat
252 2506 283 2557 61
300 2498 368 2576 ipsa
382 2503 555 2555 senatorum
572 2493 730 2572 dignitas·
747 2496 817 2574 Qua
831 2500 950 2559 ratione
967 2499 1111 2558 differunt
1127 2500 1281 2558 61116166-

149 2581 252 2656 nides,
275 2583 307 2643 16
325 2601 387 2660 qua
403 2581 563 2640 Furiarum
579 2599 658 2659 quae
673 2582 775 2640 666166
791 2591 906 2642 suntet
922 2585 1094 2656 1616161166,
1111 2603 1215 2642 616666
1229 2583 1282 2641 vel

149 2668 289 2744 singulae
309 2675 439 2740 canunt,
467 2673 498 2724 et
516 2665 693 2742 Supplices,
719 2667 828 2745 inqua
847 2668 1027 2727 ancillarum
1045 2667 1185 2726 ductores
1202 2667 1282 2725 ceei-

150 2753 231 2813 nisse
247 2772 381 2812 seorsum
396 2771 414 2809 a
430 2750 522 2810 choro
537 2751 619 2808 infra
632 2750 810 2828 probabitur
821 2747 855 2830 ¹).
1353 2825 1357 2832 Ι

212 2838 342 2915 Propter
364 2837 520 2913 ingentem
541 2835 708 2894 animorum
730 2837 958 2896 commotionem
980 2838 1138 2896 universos
1154 2835 1279 2894 6116166-

148 2922 352 3005 tasdeinceps
367 2921 502 2997 singulos
518 2919 649 2978 canendi
662 2929 766 2998 partes
783 2921 927 2981 habuisse
943 2941 992 3000 ap.
1007 2921 1122 2982 Aeseh.
1139 2921 1281 2998 exempla

150 3016 220 3066 sunt
233 3007 322 3066 Eum.
340 3014 392 3068 138
406 3024 473 3084 sqq.
504 3005 588 3083 Sept.
606 3013 641 3066 78
656 3025 722 3085 sqq.
754 3005 865 3083 Agam.
881 3027 911 3068 v.
929 3016 1074 3086 1318666.
1106 3003 1280 3082 InAgam.,

150 3112 209 3170 quo
223 3091 244 3150 l.
262 3089 401 3149 diverbia
415 3097 500 3161 sunt,
516 3087 611 3148 caede
625 3091 707 3166 regis
724 3089 845 3164 audita,
861 3089 936 3169 quid
951 3092 1011 3150 iam
1023 3089 1144 3150 consilii
1157 3090 1278 3166 capien-

151 3175 222 3233 dum
243 3176 298 3247 611,
324 3175 502 3252 proponitur
517 3173 712 3247 consultatio,
738 3195 830 3254 quam
848 3175 892 3234 116
912 3175 1027 3234 habent
1042 3175 1221 3246 choreutae,
1247 3182 1282 3232 ut

150 3279 301 3318 sermones
315 3277 459 3318 summam
476 3258 569 3316 animi
583 3259 842 3336 perturbationem
858 3259 1004 3338 prodant,
1022 3261 1053 3318 in
1064 3260 1153 3318 Eum.
1166 3259 1280 3317 Furiae

151 3343 189 3402 ob
209 3344 313 3430 fugam
329 3341 446 3402 Orestis
462 3341 687 3417 indignatione,
709 3345 754 3402 ira
776 3351 806 3402 61
822 3343 928 3402 161616
943 3345 1119 3421 perculsae,
1138 3351 1172 3401 61
1187 3362 1280 3422 quae-

150 3448 211 3508 que
225 3428 371 3506 primaee
387 3445 506 3497 somno,
522 3445 582 3504 quo
598 3425 752 3504 Apollinis
764 3426 835 3486 dolo
848 3429 1026 3506 consopitae
1041 3437 1144 3500 erant,
1165 3429 1280 3486 excita-

150 3522 201 3572 tae
222 3519 308 3583 sunt,
336 3511 368 3568 in
389 3529 510 3568 scenam
530 3508 615 3568 nullo
632 3510 736 3569 ordine
759 3521 955 3588 procurrunt,
984 3513 1015 3569 in
1038 3511 1124 3588 Sept.
1148 3510 1281 3587 denique

148 3599 285 3675 virgines
299 3592 468 3654 Thebanae
491 3593 528 3651 ob
543 3613 676 3670 pugnam
689 3595 836 3672 proxime
844 3595 1051 3654 imminentem
1064 3603 1148 3652 metu
1168 3601 1200 3652 61
1213 3593 1281 3650 hor·

150 3703 219 3742 rore
236 3681 384 3740 attonitae
405 3677 445 3735 ad
461 3697 529 3736 aras
549 3677 685 3735 Deorum
701 3679 889 3756 confugiunt.

218 3765 282 3828 Sed
301 3773 335 3823 61
348 3770 467 3842 partem
481 3761 593 3820 laboris
607 3763 703 3820 nostri
718 3762 810 3840 longe
829 3762 1042 3821 difficillimam
1057 3760 1279 3840 aggrediamur,

111 3841 114 3848 Δ
150 3853 282 3930 partium
301 3847 446 3920 canendi,
461 3849 543 3927 ipuas
559 3847 673 3927 quique
689 3847 851 3906 choreutae
865 3847 1042 3920 habuerint,
1065 3845 1280 3906 describenda-

149 3957 230 4009 rum,
258 3935 404 4012 eo'magis
423 3931 548 3992 arduam
570 3940 601 3990 et
613 3932 832 4010 periculosam,
862 3931 943 4011 quod
961 3932 1101 3991 Virorum
1119 3931 1211 4009 longe
1228 3929 1279 3990 do-

153 4021 352 4078 ctissimorum
378 4017 536 4077 conatibus
565 4015 699 4076 nondum
725 4015 866 4076 effectum
895 4025 956 4088 est,
985 4025 1020 4076 ut
1044 4017 1097 4076 vel
1128 4015 1166 4076 de
1190 4017 1279 4076 unius

153 4123 256 4161 eorum
271 4103 436 4162 earminrim
449 4123 524 4160 vera
540 4103 658 4161 ratione
678 4108 842 4176 constaret,
863 4103 992 4179 primum
1008 4122 1129 4161 carmen
1144 4101 1232 4162 116111.
1248 4121 1279 4160 v.

153 4195 204 4249 138
219 4206 285 4264 sqq.
302 4189 333 4245 16
353 4195 499 4246 commata
514 4207 569 4244 sua
582 4185 754 4245 describere
771 4185 955 4246 conabimur.

215 4271 291 4328 Eius
312 4271 451 4328 carminis
466 4271 659 4332 Hermaunus
679 4271 723 4330 ait
737 4270 913 4350 quindecim
928 4279 1077 4330 commata
1093 4288 1175 4341 esse,
1193 4269 1278 4326 cuius

152 4355 282 4431 primum
306 4351 402 4410 tribus
430 4355 572 4415 trimetris
601 4363 734 4436 6666161,
770 4357 823 4435 qui
850 4375 970 4416 carmen
993 4356 1132 4433 proxime
1158 4361 1279 4410 661666-

224 4502 249 4574 1)
270 4504 364 4554 Etiam
382 4502 411 4550 16
423 4503 517 4566 Eurip.
538 4504 632 4567 Suppl.
651 4505 769 4556 ancillae
785 4510 899 4554 canunt.

999 4561 1081 4643 Ὗ,
