3254 5304
302 363 361 427 180
671 366 712 419 De
728 349 916 433 interregibus
936 363 1076 420 Romanis.

299 535 367 596 Hos
392 533 526 593 maxima
552 531 634 610 apud
659 530 781 611 plebem
803 533 903 608 gratia
928 530 1066 590 floruisse
1090 537 1224 604 constat,
1249 530 1341 590 etiam
1369 532 1442 591 reli·

300 640 374 701 quos
400 618 522 698 plebem
551 635 613 675 non
642 618 673 674 in
700 635 737 674 eo
763 627 864 691 certe,
885 635 946 695 quo
961 623 1099 674 caeteros
1119 625 1276 674 senatores
1298 615 1367 675 odio
1388 617 1442 676 ha-

185 695 190 704 ’
300 708 402 764 buisse
418 701 576 782 probabile
593 709 648 760 est.
680 699 801 760 Nomen
817 702 856 760 A.
871 701 1033 774 Postumii,
1056 701 1109 780 qui
1127 698 1258 760 dictator
1276 701 1441 761 celeberri-

300 811 379 849 mam
401 788 439 846 de
460 787 578 844 Latinis
599 786 758 844 victoriam
783 787 965 865 reportavit,
994 785 1036 844 ita
1060 785 1147 862 vulgi
1174 785 1363 846 sermonibus
1388 788 1442 846 vel

301 883 422 954 postero
436 881 572 948 tempore
590 868 818 944 celebrabatur,
845 880 880 930 ut
893 870 1095 930 miraculosae
1117 869 1156 929 de
1173 861 1277 948 pugna
1292 871 1349 929 illa
1369 893 1439 932 nar·

299 961 432 1018 rationes
445 954 517 1014 inde
533 965 631 1016 ortum
646 956 804 1016 traxerint.
836 955 928 1016 Unde
947 954 1091 1014 concludi
1108 964 1209 1033 potest
1232 976 1301 1014 euru
1316 957 1439 1016 minime

301 1044 412 1102 acriter
427 1062 481 1120 pro
497 1041 634 1117 patribus
651 1049 756 1098 contra
772 1041 895 1119 plebem
913 1060 1076 1119 pugnasse.
1108 1041 1150 1098 Et
1164 1041 1334 1118 Dionysius
1350 1041 1371 1099 l.
1384 1041 1439 1116 VI,

302 1150 328 1188 c.
344 1138 379 1188 22
398 1125 480 1206 quod
496 1127 595 1185 oriens
617 1126 697 1184 inter
716 1135 820 1204 patres
845 1135 876 1185 et
890 1125 1012 1204 plebem
1029 1133 1182 1184 certamen
1199 1124 1336 1199 videret,
1353 1134 1440 1185 ante·

301 1232 392 1293 quam
412 1231 486 1289 opus
508 1219 604 1283 esset,
625 1209 778 1269 dictatura
801 1231 869 1270 eum
889 1231 923 1270 se
945 1209 1106 1269 abdicasse
1131 1209 1246 1270 scribit.
1280 1209 1319 1270 A.
1337 1211 1438 1288 Virgi-

300 1299 369 1356 nius
390 1316 426 1354 eo
449 1296 514 1373 ipso
536 1313 629 1368 anno,
651 1314 712 1373 quo
732 1295 840 1354 seditio
863 1304 928 1356 orta
949 1303 1009 1368 est,
1032 1315 1099 1353 cum
1119 1295 1158 1354 Τ.
1182 1295 1308 1354 Vetusio
1333 1296 1439 1356 consul

303 1391 377 1456 crat,
393 1399 469 1459 quos
481 1377 690 1456 indignatione
707 1387 738 1438 et
752 1381 900 1440 conviciis
913 1388 1065 1457 correptos
1081 1378 1248 1458 apatribus
1264 1379 1394 1457 legimus
1404 1379 1439 1456 ¹),

301 1465 383 1546 quod
404 1465 601 1524 tumultuanti
622 1463 706 1543 plebi
727 1466 759 1522 vi
782 1465 904 1524 obviam
924 1465 969 1523 ire
984 1464 1117 1534 nollent;
1140 1462 1252 1522 deiude
1274 1473 1339 1523 orto
1361 1465 1440 1524 iuter

301 1553 434 1610 iuniores
448 1558 568 1626 patrum
584 1557 615 1607 et
626 1548 747 1628 plebem
761 1551 926 1608 certamine
939 1550 1108 1608 intercursu
1120 1568 1174 1607 suo
1187 1550 1285 1607 rixam
1302 1547 1438 1610 sedasse.

300 1637 336 1695 P.
354 1635 526 1694 Postumius
547 1632 701 1692 Tubertus
723 1633 770 1692 bis
793 1634 899 1694 consul
913 1653 1006 1713 quum
1021 1642 1151 1712 utroque
1169 1653 1249 1692 anno
1264 1633 1439 1712 respublica

301 1722 422 1780 summis
437 1718 581 1796 periculis
592 1726 761 1795 urgeretur,
777 1720 850 1777 viris
863 1719 916 1798 qui
931 1718 1062 1776 maximo
1077 1717 1159 1795 apud
1172 1719 1317 1796 populum
1333 1719 1439 1778 favore

301 1813 402 1878 crant,
425 1803 545 1880 collega
565 1801 688 1861 additur
708 1805 750 1862 M.
772 1801 928 1880 Valerio²)
948 1811 980 1862 et
999 1803 1144 1861 Menenio
1163 1803 1320 1880 Agrippae
1328 1800 1364 1880 ³).
1398 1805 1438 1864 Τ.

298 1891 450 1949 Aebutius
469 1889 550 1946 Elva
572 1889 717 1965 magister
738 1889 873 1968 equitum
888 1888 1050 1948 assumitur
1075 1907 1093 1946 a
1109 1886 1257 1947 dictatore
1275 1888 1313 1946 A.
1329 1887 1438 1946 Postu-

300 1977 360 2034 mio
369 1971 404 2050 ⁴).

363 2060 414 2118 Ex
433 2059 471 2117 iis
489 2077 569 2136 quae
586 2055 717 2118 diximus
732 2059 839 2118 missos
860 2076 928 2117 esse
947 2077 967 2114 a
980 2063 1088 2116 senatu
1107 2064 1250 2134 apparet,
1271 2057 1323 2136 qui
1338 2065 1370 2115 et
1383 2056 1436 2115 ho-

299 2144 422 2204 noribus
443 2152 474 2202 et
496 2142 645 2220 dignitate
665 2152 858 2222 praestarent
879 2149 910 2201 et
929 2141 1015 2220 plebi
1037 2141 1100 2200 cari
1122 2142 1304 2220 acceptique
1326 2149 1437 2215 essent,

301 2231 392 2306 igitur
412 2226 451 2286 de
468 2227 575 2286 decern
597 2228 701 2304 primis
718 2229 847 2306 cogitari
860 2247 920 2286 non
936 2246 1036 2306 posse.
1068 2224 1119 2284 An
1134 2245 1207 2284 casu
1221 2225 1287 2286 fieri
1302 2226 1436 2305 potuisse

301 2314 452 2384 dicamus,
473 2321 508 2370 ut
529 2310 636 2372 decem
656 2314 744 2390 primi
769 2323 820 2372 aut
836 2331 939 2371 omnes
958 2320 1011 2370 aut
1027 2318 1144 2369 tantum
1159 2331 1218 2370 non
1234 2331 1337 2370 omnes
1352 2310 1437 2388 plebi

300 2400 442 2456 faverent
462 2397 494 2455 in
509 2416 545 2455 eo
560 2405 685 2472 senatu,
707 2399 761 2475 qui
774 2418 830 2476 per
844 2397 955 2456 multos
978 2415 1073 2456 annos
1088 2400 1174 2454 ten'ta
1189 2396 1235 2454 ira
1253 2405 1283 2454 et
1298 2396 1437 2474 pervica-

301 2485 349 2542 cia
370 2481 492 2562 plebem
514 2481 728 2560 impugnabat,
750 2492 784 2542 ut
808 2483 874 2541 miti
896 2482 977 2540 omni
997 2480 1124 2540 consilio
1144 2481 1261 2540 reiecto
1282 2481 1364 2540 solos
1384 2481 1438 2559 qui

299 2569 393 2648 Appii
410 2565 532 2626 Claudii
554 2567 669 2626 similes
690 2577 793 2626 essent
809 2565 953 2626 audiret?
986 2567 1028 2624 Et
1046 2565 1182 2644 profecto
1196 2565 1334 2624 homines
1355 2565 1437 2642 apud

299 2653 421 2732 plebem
443 2651 591 2729 gratiosos
612 2653 691 2710 mitti
713 2671 762 2710 res
784 2654 852 2730 ipsa
866 2650 1049 2729 postulabat.
1083 2650 1164 2708 Nam
1185 2651 1211 2709 si
1227 2649 1334 2710 decem
1348 2650 1437 2729 primi

298 2737 477 2796 fuissentin
500 2743 608 2794 senatu
629 2744 661 2793 et
682 2737 760 2794 inter
787 2756 838 2794 eos
862 2743 965 2794 essent
985 2736 1044 2793 viri
1060 2733 1156 2813 Appii
1177 2733 1301 2794 Claudii
1321 2735 1436 2794 similes

300 2822 511 2899 (interfuturos
526 2819 621 2877 fuisse
637 2819 755 2899 aliquos
768 2829 850 2879 certe
864 2840 924 2879 non
940 2819 1103 2894 dubitabis,
1120 2839 1213 2899 quum
1227 2821 1323 2879 multo
1341 2820 1437 2878 maior

300 2913 472 2964 senatorum
487 2923 558 2981 pars
574 2922 641 2962 cum
656 2903 759 2982 Appio
774 2902 893 2983 staret),
908 2905 1005 2965 hosne
1021 2903 1060 2962 ad
1076 2903 1298 2964 conciliandam
1312 2903 1437 2983 plebem

299 2990 407 3048 missos
422 2985 585 3068 putemus?
617 2988 801 3048 Timendum
817 2998 897 3064 erat,
914 3010 953 3048 ne
976 2988 1221 3068 discerperentur
1245 3009 1264 3047 a
1282 2990 1437 3049 concitata

299 3072 503 3134 multitudine.
550 3071 712 3133 Caeterum
727 3075 852 3133 nomina
866 3075 990 3133 minime
1015 3095 1033 3132 a
1047 3075 1199 3154 Dionysio
1215 3075 1345 3134 conficta
1367 3093 1436 3133 esse

298 3157 354 3218 sed
376 3159 510 3235 genuina
535 3177 636 3216 eorum
664 3160 716 3240 qui
745 3160 828 3218 missi
850 3161 910 3220 sint
938 3159 1000 3236 legi
1029 3161 1121 3220 etiam
1142 3160 1201 3218 hoc
1224 3167 1436 3238 argumentum

298 3242 381 3302 haud
403 3244 473 3302 leve
497 3251 555 3317 est,
579 3244 659 3322 quod
681 3245 870 3322 potissimum
899 3243 936 3302 ob
961 3245 1105 3321 gratiam,
1129 3263 1190 3325 qua
1210 3244 1291 3322 apud
1311 3242 1434 3323 plebem

298 3329 456 3402 florerent,
475 3328 590 3388 electos
603 3349 670 3388 esse
688 3330 786 3407 ipsum
801 3329 982 3407 Dionysium
1001 3329 1107 3401 latuit;
1123 3331 1207 3388 cuius
1222 3331 1268 3388 rei
1283 3330 1335 3388 ille
1350 3348 1435 3386 men-

298 3414 412 3471 tionem
431 3433 493 3471 non
508 3415 761 3490 praetermisisset
776 3413 831 3471 sed
852 3415 951 3490 longis
966 3414 1073 3494 utique
1089 3414 1275 3474 orationibus
1290 3433 1366 3493 quas
1382 3433 1435 3472 eos

297 3497 447 3557 babentes
463 3499 538 3557 facit
553 3500 744 3572 inseruisset,
760 3499 786 3556 si
800 3499 866 3576 ipse
881 3498 1038 3558 habuisset
1051 3507 1253 3578 perspectam.
1283 3499 1325 3557 At
1339 3498 1434 3556 fuisse

299 3582 405 3642 decem
425 3584 537 3662 primos
561 3603 601 3642 ex
623 3585 660 3642 iis
681 3583 827 3658 Dionysii
851 3582 953 3643 verbis
972 3593 1115 3662 apparet,
1137 3583 1246 3662 quibus
1262 3581 1434 3662 praefuisse

298 3668 417 3726 senatui
439 3676 469 3726 et
488 3667 577 3746 primi
597 3669 781 3727 sententiam
802 3668 904 3744 rogari
927 3667 1009 3727 soliti
1032 3688 1098 3727 esse
1123 3669 1274 3728 dicuntur
1307 3667 1435 3728 Scilicet

299 3773 403 3811 omues
418 3752 514 3828 legati
528 3751 659 3830 praeter
666 3773 758 3812 unum
771 3753 945 3812 consulares
958 3761 1054 3824 erant,
1070 3752 1152 3832 quod
1168 3754 1356 3848 Dionysius
1352 3751 1433 3810 bene

296 3845 492 3915 perspectum
513 3836 663 3934 habebat,
689 3839 772 3896 cuius
790 3836 926 3897 verbac.
946 3847 980 3900 69
994 3837 1072 3897 haec
1086 3846 1173 3897 sunt:
1195 3827 1375 3936 moestissimis
1389 3833 1433 3893 εἴ·

297 3921 382 3976 λοντο
403 3916 474 3976 δέκα
495 3910 564 3990 τούς
584 3885 831 3996 ἕπιφννεστάτους
850 3920 910 3980 τῶν
924 3917 1144 3999 πρεσβυτέρων,
1159 3913 1242 3994 ἐκτὸς
1256 3909 1433 3992 ἑνὸςάπαν-

296 4023 348 4071 wc
362 3991 536 4072 ὑπατικούς.
571 4005 637 4064 Iam
657 4015 779 4082 postero
800 4014 936 4104 tempore
951 4027 1016 4066 mos
1033 4017 1099 4066 erat
1114 4009 1146 4066 in
1160 4017 1269 4069 senatu
1283 4009 1433 4078 Romano,

296 4094 330 4143 ut
352 4094 434 4144 certo
459 4085 564 4146 ordine
586 4097 688 4166 patres
711 4091 895 4149 seutentiam
914 4101 1110 4168 rogarentur,
1132 4114 1192 4173 quo
1211 4091 1386 4153 consulares
1403 4099 1435 4149 et

298 4170 427 4228 censorii
441 4171 530 4249 primi
548 4171 691 4252 essent5).
723 4172 807 4250 Quid
822 4175 961 4252 igitur?⁴
972 4177 1048 4236 fecit
1062 4178 1247 4256 Dionysius,
1265 4174 1374 4258 quod
1366 4194 1433 4254 1pse

368 4302 478 4367 l)Liv.
498 4305 536 4369 II
546 4303 589 4356 28
661 4305 819 4374 2)Di0nys.
833 4309 867 4369 V,
887 4307 929 4360 37.
1002 4309 1179 4372 3)Id.,V‘il
1251 4309 1335 4371 4)Id
1344 4307 1431 4370 Ἦ,2.

296 4373 327 4437 5)
345 4375 377 4424 V.
398 4375 454 4426 Cic.
473 4343 543 4427 Phil.
563 4375 596 4439 V,
614 4375 655 4425 17.
690 4376 768 4438 XIII,
790 4379 829 4430 13.
852 4378 893 4431 14.
930 4379 984 4430 Dio
1003 4379 1081 4432 Cass.
1098 4381 1182 4445 XIV,
1201 4381 1244 4432 29
1271 4377 1370 4444 XLVI,
1385 4377 1429 4428 al.

296 4437 442 4510 βουλεύειν
468 4437 499 4496 ἕν
520 4447 581 4504 τοις
604 4435 796 4496 ὖπατευκόσιν
