3254 5304
297 358 357 424 186
669 367 710 420 Dc
725 366 913 436 interregibus
927 367 1067 421 Romanis.
1367 401 1384 430 .

295 553 408 613 genere
432 542 534 593 aetate
555 532 773 612 spectatissimi
783 531 817 611 ¹).
855 533 1026 612 Auspicato
1041 555 1224 617 quamquam
1240 537 1306 596 sine
1324 535 1431 597 suffra·

295 621 345 698 giu
365 619 472 699 populi
494 616 744 698 prouenturum).
784 618 836 677 Ad
863 640 955 678 unum
980 620 1062 680 bunc
1085 621 1295 700 magistratum
1316 621 1432 700 plebeii

295 725 450 784 nunquam
470 704 611 779 admissi,
634 703 690 764 sed
709 705 892 782 interregem
914 715 945 765 et
966 706 1065 785 ipsum
1090 707 1251 787 patricium
1279 727 1347 767 esse
1366 717 1432 769 eta

294 790 430 869 patricio.
438 789 526 868 prodi
541 809 669 850 necesse
686 786 796 866 erat⁸).

358 875 532 953 Interregni
548 876 694 956 frequens
709 893 799 950 usus,
822 874 892 935 dum
911 877 1078 935 certamina
1099 877 1180 936 inter
1192 887 1297 958 patres
1319 887 1351 937 et
1366 877 1431 956 ple·

294 961 365 1020 bem
382 969 479 1020 erant.
506 961 582 1020 Post
594 959 626 1020 id
645 969 764 1038 tempus
779 961 938 1042 paullatim
950 962 1046 1022 omitti
1061 971 1171 1040 coepta
1185 958 1299 1042 sunt⁴).
1318 962 1430 1042 Quam·

296 1065 386 1126 quam
406 1065 513 1106 verum
533 1067 594 1106 non
615 1055 676 1120 est,
699 1045 782 1124 quod
803 1046 951 1105 Niebuhr.
974 1066 1004 1125 p.
1027 1055 1078 1110 377
1102 1047 1223 1120 scribit,
1246 1049 1343 1108 tribus
1360 1057 1431 1108 ante

294 1131 479 1212 Dionysium
495 1141 526 1190 et
539 1131 660 1190 Livium
675 1130 787 1190 seculis
802 1132 1009 1210 interregnum
1029 1131 1145 1192 nullum
1166 1133 1279 1209 fuisse,
1301 1153 1362 1193 uno
1378 1154 1431 1193 ex·

295 1225 385 1293 cepto
402 1214 623 1295 quodpropter
638 1216 799 1276 tumultum
813 1225 845 1276 et
858 1217 963 1276 turbas
977 1217 1009 1276 in
1025 1237 1149 1278 censum
1164 1220 1269 1279 venire
1284 1241 1346 1280 non
1361 1239 1431 1299 pos·

295 1301 336 1358 sit
356 1299 450 1379 (quod
465 1301 522 1359 fuit
541 1321 620 1360 anno
636 1322 667 1360 u.
685 1322 711 1362 c.
729 1302 806 1378 701).
837 1303 918 1362 Nam
933 1301 988 1362 sub
1005 1302 1094 1361 finem
1110 1303 1226 1364 liberae
1241 1304 1431 1384 reipublicae

295 1385 419 1463 saepius
440 1386 611 1464 interreges
630 1387 847 1465 prodebantur.
881 1387 957 1446 Plus
981 1389 1076 1446 semel
1090 1389 1137 1446 bis
1160 1390 1256 1448 maius
1273 1391 1431 1469 imperium

294 1471 475 1546 permissum
499 1473 765 1531 senatusconsulto
785 1473 880 1544 facto,
903 1471 1023 1530 videret
1044 1473 1194 1547 interrex,
1215 1495 1255 1533 ne
1278 1475 1353 1554 quid
1367 1495 1430 1534 res·

294 1553 419 1633 publica
437 1555 612 1616 detrimenti
629 1567 763 1636 caperet.
800 1557 829 1614 A
849 1557 973 1615 Valerio
989 1556 1104 1615 Flacco
1120 1558 1272 1635 interrege
1290 1560 1342 1618 lex
1357 1559 1429 1633 lata,

294 1648 328 1697 ut
348 1659 549 1721 quaecunque
567 1642 654 1700 Sulla
670 1641 809 1713 fecisset,
829 1648 896 1698 rata
912 1638 1058 1718 essent⁵).
1090 1642 1166 1700 Post
1181 1643 1286 1702 Sullae
1302 1652 1429 1702 mortem

288 1744 375 1799 ,anno
396 1745 425 1784 ιι.
448 1746 474 1786 o.
493 1734 544 1790 677
560 1728 694 1786 interrex
717 1733 783 1784 erat
798 1725 918 1803 Appius
936 1724 1097 1799 Claudius,
1113 1745 1173 1805 quo
1186 1735 1322 1806 tempore
1337 1745 1427 1806 quum

295 1810 336 1870 M.
364 1809 515 1870 Aemilius
543 1810 679 1890 Lepidus
705 1809 853 1868 maximas
880 1809 986 1868 turbas
1007 1813 1171 1884 excitaret,
1198 1814 1235 1871 L.
1256 1811 1426 1888 Philippus,

295 1895 380 1954 cuins
392 1895 488 1954 oratio
501 1895 533 1953 in
547 1895 724 1972 fragmentis
737 1894 877 1955 Sallustii
892 1905 1002 1969 exstat,
1021 1897 1148 1970 censuit,
1162 1907 1196 1956 ut
1207 1897 1326 1975 Appius
1337 1895 1427 1954 Clau-

296 1979 363 2039 dius
380 1981 515 2040 interrex
531 2001 599 2039 oum
614 1979 653 2057 Q
670 1979 781 2040 Catulo
795 1981 978 2058 proconsule
1001 1990 1032 2039 et
1048 1982 1191 2054 caeteris,
1208 1980 1318 2060 quibus
1335 1980 1428 2056 impe·

294 2065 372 2124 rium
387 2075 469 2139 erat,
482 2065 551 2124 urbi
566 2065 720 2143 praesidio
735 2076 852 2139 essent,
876 2085 1061 2144 operamque
1079 2065 1203 2135 darent,
1220 2084 1260 2123 ne
1277 2063 1351 2144 quid
1363 2083 1429 2122 res·

295 2150 420 2228 publica
443 2150 616 2210 detrimenti
638 2159 772 2230 caperet.
806 2151 884 2210 Post
904 2149 1030 2210 biduum
1053 2169 1143 2230 quam
1163 2147 1289 2208 Clodius
1310 2149 1430 2208 occisus

297 2244 345 2295 est
363 2233 459 2312 (anno
479 2256 510 2297 u.
530 2257 555 2294 c.
579 2236 644 2316 701)
660 2257 710 2295 res
729 2236 769 2296 ad
783 2238 990 2316 interregnum
1005 2237 1092 2316 venit
1107 2233 1265 2294 seditionis
1282 2243 1313 2293 et
1327 2233 1430 2293 turba-

295 2339 362 2378 rum
376 2320 511 2399 plenum,
529 2321 584 2380 sed
600 2343 638 2380 ex
654 2323 722 2400 ipsa
738 2321 894 2380 turbarum
908 2322 1082 2381 narratione
1100 2328 1229 2399 apparet
1243 2321 1308 2378 fere
1324 2317 1431 2378 eadem

297 2404 389 2463 etiam
404 2413 477 2469 tnnc
493 2405 534 2463 de'
545 2407 697 2484 interrege
711 2415 834 2466 servata
849 2425 917 2465 esse
937 2416 1028 2485 atque
1044 2405 1170 2484 antiquo
1185 2413 1333 2484 tempore.
1351 2405 1431 2464 Nam

296 2489 370 2569 quia
389 2509 499 2550 recens
516 2491 638 2551 Milonis
652 2492 769 2551 invidia
791 2500 869 2566 erat,
893 2491 1046 2568 Scipionis
1068 2497 1097 2548 et
1119 2489 1260 2568 Hypsaei
1281 2489 1431 2548 factiones

255 2643 257 2648 ,
298 2585 402 2634 contra
417 2577 464 2634 ius
479 2576 684 2655 postulabant,
699 2586 733 2636 ut
749 2578 790 2636 M.
805 2575 955 2634 Aemilius
970 2573 1107 2654 Lepidus
1124 2574 1259 2633 interrex
1275 2575 1377 2634 statim
1393 2571 1431 2631 ad

272 2661 418 2719 ¹comitia
446 2663 604 2721 consulum
631 2662 831 2721 creandorum
857 2657 1074 2732 descenderem
1105 2657 1187 2736 quod
1213 2679 1305 2736 quum
1327 2659 1431 2717 faeere

294 2743 401 2813 nollet,
418 2747 561 2822 quoniam
578 2747 700 2803 comitia
716 2745 843 2820 aprimo
859 2742 1013 2818 interrege
1031 2740 1138 2800 haberi
1152 2744 1245 2800 moris
1260 2762 1321 2800 non
1338 2751 1430 2814 esset,

296 2827 415 2886 domurn
430 2829 495 2886 eius
516 2848 572 2905 per
595 2829 730 2909 quinque
745 2826 912 2902 interregni
934 2824 999 2885 dics
1018 2845 1123 2884 omnes
1139 2825 1333 2900 obsederunt,
1346 2835 1430 2905 post-

294 2931 378 2969 remo
392 2911 485 2971 ianua
496 2919 673 2990 expugnata
685 2911 832 2988 imagines
846 2909 992 2970 maiorum
1007 2910 1193 2986 deiecerunt,
1208 2913 1240 2970 vi
1254 2911 1335 2970 ultra
1346 2931 1432 2989 gras·

295 2995 399 3068 saturi,
416 2996 475 3054 nisi
487 2995 612 3056 Milonis
624 3015 730 3054 manus
744 2995 974 3074 supervenisset
989 3005 1020 3055 et
1035 2996 1104 3073 ipsa
1119 2997 1241 3055 comitia
1254 2997 1431 3075 postulans3

295 3078 397 3139 sedin
419 3082 560 3160 seipsae
581 3081 651 3140 dnm
671 3086 890 3138 convertuntur
911 3080 1061 3140 factiones
1083 3080 1225 3142 inimicae
1248 3084 1433 3161 oppugnatio

296 3164 402 3223 domus
422 3166 534 3226 omissa
550 3163 641 3244 est⁶).
672 3165 806 3225 Senatus
824 3163 971 3239 decrevit,
987 3173 1021 3224 ut
1036 3185 1103 3225 cum
1121 3166 1274 3244 interrege
1293 3175 1324 3226 et
1338 3167 1433 3228 tribu-

294 3250 343 3308 nis
363 3249 464 3328 plebis
479 3253 643 3331 Pompeius
665 3248 752 3308 daret
766 3269 905 3328 operam,
926 3271 966 3310 ne
982 3250 1055 3330 quid
1070 3251 1247 3330 respublica
1260 3252 1434 3314 detrimenti

297 3334 465 3414 caperet⁷).

359 3421 478 3480 Decem
498 3422 585 3480 annis
608 3428 679 3498 post
694 3439 793 3500 quum·
801 3419 917 3498 proelio
931 3419 1099 3479 Mutinensi
1114 3417 1243 3500 ute'rque
1260 3421 1367 3480 consul
1384 3442 1433 3481 oc-

297 3503 439 3580 cidisset,
462 3507 591 3566 comitiis
612 3504 762 3564 habendis
782 3525 843 3564 non
860 3503 1028 3583 interreges
1051 3505 1106 3564 sed
1120 3505 1321 3584 proconsules
1339 3508 1434 3568 creati

296 3599 367 3649 sunt
374 3588 412 3667 ⁸).
737 3610 740 3616 ·

368 3758 394 3819 l)
410 3759 443 3808 V.
463 3760 579 3822 Dionys.
599 3757 648 3820 XI,
667 3756 710 3808 20.
729 3748 780 3806 τὸν
798 3744 1029 3820 ἐπιτηδειότατον
1045 3745 1206 3818 ἐκλέξαντες
1223 3757 1281 3807 τῶν
1299 3756 1432 3810 πολιτῶν.

296 3827 337 3877 Id.
349 3827 429 3890 VIII,
443 3827 486 3880 90.
506 3821 619 3877 ἑλέσθαι
637 3817 706 3882 τοὺς
718 3817 929 3891 πρεσβυτάτους
946 3823 994 3876 καὶ
1012 3820 1198 3890 τιμιωτάτους
1213 3817 1332 3892 ἄνδρας.
1404 3828 1434 3893 2)

297 3897 330 3945 V.
349 3895 410 3945 Liv.
424 3897 473 3957 vl,
486 3897 529 3946 41.
589 3893 617 3959 3)
633 3896 724 3946 Verba
742 3899 806 3948 sunt
826 3894 966 3946 Ciceronis
985 3912 1034 3960 pro
1053 3895 1133 3947 domo
1151 3913 1175 3948 c.
1200 3897 1237 3948 14.
1309 3898 1336 3963 4)
1355 3899 1434 3949 Hanc

297 3965 385 4026 ipsam
403 3979 530 4014 caussam
541 3981 601 4014 esse
614 3969 740 4028 apparet,
759 3965 794 4014 ob
813 3979 896 4028 quam
914 3964 1014 4028 plebeii
1029 3965 1064 4014 ad
1081 3965 1291 4018 huncbonorem
1310 3983 1363 4018 non
1376 3983 1434 4032 per-

297 4031 432 4081 venerint.
503 4030 531 4094 5)
544 4033 577 4082 V.
599 4031 656 4081 Cio.
674 4033 771 4097 Agrur.
790 4033 850 4093 ΙΙΙ,
870 4049 894 4082 c.
914 4037 939 4084 2.
1009 4032 1039 4096 6)
1057 4033 1157 4086 Aseou.
1179 4037 1207 4086 in
1225 4035 1283 4086 Mil.
1303 4039 1361 4088 XV.
1381 4038 1435 4088 Dio

300 4099 379 4149 Cass.
395 4099 459 4161 XL,
478 4099 521 4150 49.
592 4098 623 4159 7)
640 4100 739 4150 Ascon.
758 4102 787 4150 in
805 4101 863 4151 Mil.
880 4099 965 4151 XXV.
1054 4102 1085 4166 8)
1103 4105 1158 4156 Dio
1175 4105 1252 4158 Cass.
1272 4107 1375 4171 XLVI,
1391 4107 1435 4158 to.

760 4363 936 4371 ...ψ-*-
947 4363 977 4370 --
