3254 5304
301 385 361 446 132
462 386 709 439 Coniectaneorum
731 382 759 434 in
775 381 904 450 Aeschyli
920 381 1066 451 Supplices
1088 399 1153 450 pars
1172 380 1268 434 altera.

300 565 331 615 et
344 565 404 619 929.
422 553 551 625 Versus,
568 551 621 631 qui
635 550 684 608 his
700 550 731 608 in
748 549 870 628 stropha
884 548 1078 628 respondent,
1093 556 1124 607 et
1139 549 1196 625 ipsi
1212 547 1355 624 corrupti.
1374 545 1436 623 Qui

300 661 391 721 quum
410 641 441 698 in
457 638 542 696 libris
557 637 720 711 legantur:

508 732 605 796 Al'
567 755 618 804 αι,
633 732 667 792 αἲ
683 731 733 808 αλ,

509 815 567 878 Καὶ
554 809 645 920 μὰρ
661 809 854 916 δυσπαλάμως
868 808 948 874 όλοιο

511 891 561 962 Δι’
579 901 743 997 αλίρρντον
752 893 856 973 αλοος,
870 921 946 960 auro
933 891 1171 979 Σαρπηδόνιον

508 987 602 1084 Χῶμα
618 978 844 1064 πολνψάμαθον
861 977 985 1055 ἀλαθεὶς

508 1062 603 1149 Eripe!
602 1093 649 1141 αις
663 1065 763 1130 εἶν’
723 1092 828 1150 αοραις

295 1174 454 1236 'scribendi
471 1171 629 1232 videntur·

732 1243 807 1312 κατά
828 1243 1041 1353 Σαρπηδόνιον

465 1340 560 1416 Χῶμα
574 1332 832 1498 πολύψαμμον
850 1329 1007 1410 άλαθελς’
991 1342 1078 1420 αμρλ
1082 1363 1141 1414 αις
1161 1337 1258 1400 ἐν”
1218 1365 1332 1420 αοραις.
1388 1357 1400 1378 ·

299 1446 363 1506 cfr.
377 1446 477 1510 Prom.
495 1451 571 1520 1038.
586 1431 643 1520 clyp
645 1439 698 1498 lov
713 1429 751 1498 άν
753 1435 840 1516 ἕμιον,
856 1460 948 1518 supra
963 1464 992 1501 v.
1007 1453 1049 1506 35
1064 1431 1168 1522 όγρίας
1183 1433 1262 1516 άλός.
1285 1448 1434 1508 Similiter

298 1533 376 1590 haec
397 1528 588 1606 Emperins
580 1548 612 1586 m
632 1534 691 1584 act.
714 1526 818 1584 societ.
838 1546 881 1603 gr.
898 1526 1111 1606 vol.1,p.367
1127 1529 1318 1605 emendavit,
1337 1533 1436 1611 quiin

299 1616 422 1696 stropha
437 1613 574 1692 scripsit:

734 1731 809 1768 κατα
799 1699 1041 1808 Σαρπηδόνιον

464 1797 559 1875 Χῶμα
576 1787 829 1873 πολόψαμμονλ
793 1817 812 1853 α
815 1791 918 1865 ledele
938 1785 1134 1873 οόρίαισιν
1156 1788 1261 1876 αόραις

299 1902 350 1960 et
343 1921 374 1959 m
390 1898 595 1977 antistropha.

730 1987 793 2058 ὁδ’
811 1984 987 2082 ἒπωπηῖσ
997 1985 1164 2097 ,δμὲγας

465 2087 573 2156 Νεῖλος
588 2073 676 2164 όβρίζ
675 2074 737 2142 οντ’
746 2059 967 2163 ,ἀποτρέψειεν
989 2038 1044 2139 δ’
1033 2074 1136 2140 άϊστον
1151 2071 1248 2158 όβριν.

362 2189 536 2267 Sequuntur
558 2205 627 2245 mox
646 2206 751 2246 versus
773 2188 906 2247 omnium
924 2187 1090 2244 miserrimc
1115 2183 1275 2261 depravati
1295 2194 1346 2249 86⁶2
1369 2207 1435 2267 sqq,

510 2279 553 2345 Ol
568 2279 613 2362 ol,

502 2364 625 2473 Πάτερ,
643 2371 731 2475 βροτί
728 2387 782 2430 oon
797 2364 920 2451 ροοάται
933 2365 1104 2458 μαλδαάγει.

495 2450 686 2557 ’Ἁραχνος
663 2478 703 2527 ως
719 2449 828 2534 βάδην.

495 2531 641 2620 ”οναρ,”
625 2561 700 2622 οναρ
714 2535 814 2618 μέλαν.

297 2643 523 2704 Abstinendum
539 2651 621 2703 esset
636 2663 717 2702 omnr
708 2640 959 2714 emendatione,
975 2642 1035 2698 nisr
1026 2641 1126 2699 'lucis
1142 2641 1281 2699 nonnihil
1299 2639 1438 2699 effunde-

297 2737 345 2784 ret
358 2728 501 2786 Eusta
559 2727 590 2782 ui
612 2725 652 2782 ad
674 2723 838 2820 OdyssA
840 2743 893 2819 ‚p
916 2733 985 2784 1422
998 2724 1076 2782 haec
1092 2724 1228 2818 scripsit:
1252 2711 1312 2780 inl
1335 2719 1367 2781 δὲ
1383 2723 1437 2780 τοῦ

297 2797 360 2882 cipro
348 2799 460 2865 καλ”
441 2828 513 2903 αρος
494 2747 597 2864 Ητιδ
579 2798 685 2880 ὄφελος
700 2826 776 2912 πμρ
762 2795 935 2903 Ἀἰσχύλῳ
945 2795 996 2865 ἔν
993 2799 1120 2880 Ιιιὲτισι,
1141 2797 1297 2885 βρότεος”
1276 2827 1348 2884 αρος
1363 2796 1437 2864 άτα

296 2911 364 2966 ητοι
379 2880 412 2948 τὸ
428 2873 461 2949 εό
476 2892 536 2949 τῶν
550 2889 667 2968 βροτων
681 2887 732 2949 καὶ
747 2879 781 2948 τό
795 2880 935 2965 ὄφελος
914 2913 970 2967 ατη
986 2886 1073 2952 ἐστίν.
1102 2891 1236 2951 Accedit
1252 2891 1334 2971 qnod
1349 2891 1437 2951 scho-

296 2977 389 3034 liasta
404 2976 539 3054 explicat
550 2975 619 3053 βρει
620 2964 744 3056 ίεσσα]
730 2996 749 3050 η
766 2974 825 3034 τόν
839 2968 966 3053 βρετέων
979 2972 1134 3076 ἐπικουρία
1148 2967 1272 3054 βλάπτει
1285 2997 1330 3078 με.
1358 2976 1438 3035 Inde

297 3060 393 3120 Well.
411 3060 453 3140 (v.
470 3061 577 3139 gloss.)
597 3060 809 3139 corrigendum
831 3063 1001 3121 existimat:
1030 3055 1130 3139 Πάτερ
1151 3055 1307 3139 βρέτεος”
1287 3081 1383 3159 αρος
1373 3051 1435 3119 ότα.

297 3143 340 3204 At
354 3147 446 3225 quale
462 3145 543 3205 istud
562 3149 713 3206 metrum?
740 3146 840 3225 qualis
864 3149 1017 3206 sententia
1034 3148 1169 3206 Deorum
1195 3137 1383 3207 auxilium'‘
1362 3165 1437 3203 αταν

297 3232 425 3291 vocari?
462 3230 499 3290 Id
516 3229 640 3312 quidem
653 3252 714 3290 non
730 3231 917 3330 dubitamus,
935 3233 1009 3313 quin
1023 3251 1086 3290 nna
1101 3233 1193 3291 litera
1214 3241 1266 3290 ant
1268 3252 1285 3290 e
1301 3252 1368 3289 αται
1384 3250 1436 3289 ex-

298 3315 422 3390 ciderit,
444 3314 699 3395 scribendumque
728 3318 783 3376 sit:
806 3335 879 3395 αρος
904 3315 1017 3416 μμτᾷ,
1040 3337 1100 3396 quo
1119 3319 1251 3396 reposito
1274 3325 1347 3394 apta
1367 3323 1438 3374 sunt

298 3401 454 3462 sententia
472 3409 503 3461 et
517 3409 655 3463 matrum,
686 3399 863 3478 Queruntur
886 3402 981 3476 enim,
1007 3401 1088 3480 quod
1106 3411 1264 3462 cunctetur
1279 3401 1436 3460 auxilium.

298 3485 359 3545 Pro
376 3476 495 3563 βρότιος
510 3495 562 3545 aut
564 3506 621 3559 em,
641 3485 749 3582 quod
741 3507 773 3546 m
791 3485 878 3546 codd.
896 3494 942 3546 cst
943 3485 1078 3563 ,βροτῶν
1092 3486 1257 3564 legendum
1271 3486 1438 3545 scholiasta

299 3570 504 3645 commendat,
479 3579 578 3630 taut
595 3569 730 3647 βρετεος,
749 3570 830 3670 quod
848 3572 986 3649 proxime
1009 3571 1048 3629 ad
1064 3572 1158 3632 libros
1182 3570 1312 3632 accedit
1349 3569 1438 3628 Ferri

298 3657 379 3714 enim
400 3665 504 3734 potest
529 3655 711 3732 singularis,
737 3657 810 3735 qnia
835 3666 949 3714 canunt
974 3656 1129 3732 singulae,
1154 3656 1395 3735 intelligiturque
1419 3673 1437 3711 a

299 3749 429 3798 canente
445 3739 477 3798 id
500 3740 708 3813 simulacrum,
726 3739 765 3798 ad
780 3738 864 3819 quod
879 3739 1068 3817 confugerat
1110 3739 1174 3800 Sed
1190 3739 1376 3814 dubitamuS,
1397 3757 1437 3795 an

300 3825 400 3898 aptius
416 3825 456 3882 sit
477 3823 594 3901 βροτῶν
615 3816 816 3901 νοῐβρότεον,
833 3831 866 3882 nt
882 3833 1012 3902 querant
1013 3843 1048 3881 ur
1000 3823 1183 3882 ttardum
1200 3844 1267 3883 esse
1282 3824 1436 3883 hominum

299 3907 462 3979 auxilium,
489 3907 571 3986 quod
594 3910 723 3967 Danaus
749 3916 892 3967 arcessat
934 3908 1103 3984 Sequentia
1123 3906 1284 3966 admodum
1308 3911 1435 3968 incerta.

298 3985 440 4045 Fortasse
453 3997 519 4046 orat
520 3991 590 4047 ione
606 3990 645 4048 ad
657 4010 839 4068 praeconem
850 4010 997 4050 conversa
1011 3990 1218 4052 scribendum:
1247 3982 1293 4050 Σό
1309 3983 1372 4050 δ’
1359 3979 1433 4068 άμμ’

300 4059 420 4125 άλαδ’”
402 4090 491 4147 nycte.
518 4071 592 4129 Mox
603 4082 749 4149 punctum
762 4083 831 4154 post
843 4065 940 4150 βαδην
953 4074 1133 4134 tollendum
1159 4076 1352 4138 Unrversus
1343 4078 1437 4154 igitur

301 4152 409 4212 locus
400 4163 444 4214 rta
458 4154 608 4230 legendus
625 4155 760 4216 videtur:

508 4245 635 4354 Πάτερ,
646 4248 797 4356 βρετῶν”
777 4276 849 4357 αρμς
866 4258 954 4356 ματᾷ.
970 4293 1014 4304 -

506 4327 635 4397 Σόδ”’
613 4363 677 4417 αμμ
681 4331 829 4400 ’όλαδ”’
810 4333 1038 4444 αγειςάραχνος
1056 4337 1094 4418 ὥς
1109 4339 1254 4426 βάδην,”
1236 4367 1325 4426 οναρ,

908 4420 981 4506 όναρ
993 4422 1099 4518 ..μέλαν
