3246 5328
529 476 571 527 De
586 474 715 543 Aeschyli
734 477 942 562 Agamemnone.
1262 477 1302 538 49

115 705 119 712 ,
171 641 242 700 dum
259 661 335 715 esse,
353 643 393 702 cl.
412 642 498 720 Sept.
515 650 576 706 714.
590 641 710 715 σίδαρος
724 632 821 718 χθόνα
835 642 931 702 ναίειν
947 637 1103 720 διαπήλας,
1119 633 1232 704 ὁπόσαν
1252 642 1303 704 καὶ

169 722 343 802 φθιμένοισι
360 723 508 802 κατέχειν;
534 727 573 792 cf.
598 727 694 786 eiusd.
710 726 834 786 fabulae
850 749 879 786 v.
900 737 963 790 800.
991 731 1033 788 Et
1048 730 1131 807 apud
1145 731 1304 791 historicos

169 811 258 888 plura
281 810 430 870 eiusmodi
447 831 594 890 responsa
614 813 731 870 ironica
748 812 900 888 leguntur.
945 813 994 870 Ita
1014 813 1098 871 Plut.
1121 815 1199 874 Mar.
1223 836 1247 872 c
1269 825 1304 876 24

168 897 299 954 Marium
314 894 453 994 Cimbris
469 915 523 973 qur
514 896 580 954 fra
582 897 678 954 tribus
696 898 757 956 suis
779 896 980 970 Teutonibus,
999 916 1074 974 quos
1094 899 1302 963 internecione

170 1000 276 1040 caesos
287 981 459 1074 nescirent,
434 978 566 1039 tsedes
582 981 786 1079 postularent,
804 979 999 1059 respondisse
1014 989 1132 1039 narrat:
1146 968 1229 1038 Ἐᾶτε
1244 981 1302 1038 τοί-

169 1084 225 1120 νυν
245 1051 314 1132 τοὺς
339 1025 501 1136 oldelpob'g
523 1056 678 1141 ἔχουσι
643 1085 699 1144 γαρ
722 1065 779 1142 γῆν
800 1061 909 1124 ἕκεινοι
930 1060 981 1123 καὶ
1003 1053 1053 1122 διὰ
1074 1052 1185 1134 παντὸς
1206 1060 1302 1154 ἕξουσι

170 1167 230 1226 παρ
235 1136 348 1222 ’ἡμῶν
364 1138 509 1224 λαβόντες

215 1231 323 1290 Hanc
349 1231 527 1291 Atridarum
555 1233 795 1292 criminationem
819 1253 1001 1314 quamquam
1024 1233 1130 1294 chorus
1157 1231 1302 1314 quodam·

169 1311 298 1375 modo
270 1336 288 1374 a
299 1336 332 1374 se
349 1337 489 1376 amovere
505 1316 617 1391 studet
635 1319 690 1377 hos
706 1338 773 1378 esse
788 1319 895 1418 populi
909 1339 1043 1378 rumores
1059 1319 1175 1392 dicens,
1191 1327 1301 1391 tamen,

170 1422 260 1482 quum
274 1402 478 1478 patrocinium
494 1423 594 1461 eorum
610 1424 672 1461 non
686 1403 848 1484 suscipiat,
864 1405 962 1482 ipsum
978 1404 1016 1462 ab
1034 1402 1141 1463 eadem
1157 1403 1301 1480 opinione

168 1507 229 1545 non
242 1473 467 1546 abhorrere't
423 1507 454 1544 m
455 1487 612 1566 telligitur.
640 1488 715 1547 Post
703 1497 808 1567 tquam
819 1490 948 1570 itaque
939 1509 1015 1548 rram
1032 1497 1063 1547 et
1085 1486 1233 1547 invidiam
1246 1506 1301 1564 po-

168 1571 234 1649 puli
255 1572 362 1649 paucis
383 1572 485 1630 verbis
509 1571 685 1650 descripsit,
709 1573 790 1632 hanc
803 1575 895 1633 aliam
910 1594 977 1634 esse
993 1573 1146 1652 duplicem
1163 1591 1301 1630 caussam

169 1655 334 1732 significat,
356 1677 408 1714 cur
431 1656 654 1734 Agamemnoni
673 1658 841 1717 timendum
861 1659 915 1733 sit,
936 1668 1000 1718 tum
1020 1659 1095 1717 iram
1114 1657 1230 1735 atque
1222 1657 1300 1714 mvi·

170 1739 251 1799 diam
273 1741 380 1819 populi
399 1742 511 1819 ipsam,
536 1749 600 1800 tum
619 1741 702 1822 quod
724 1743 910 1802 insimulatio
932 1763 1034 1802 eorum
1054 1762 1116 1801 non
1139 1749 1254 1800 temere
1272 1749 1302 1798 et

169 1826 234 1884 sine
256 1844 365 1884 caussa
382 1827 446 1884 fiat.
479 1825 643 1885 Concludit
663 1846 783 1886 carmen
802 1847 927 1886 auream
947 1828 1041 1905 ipsius
1057 1825 1300 1884 mediocritatem

169 1930 236 1968 oum
241 1911 416 1986 periculosa
422 1905 660 1988 Agamemnonis
672 1912 943 1970 fortunacollatam
954 1911 1062 1969 merita
1072 1909 1165 1970 laude
1180 1929 1300 1968 ornans.

232 1995 289 2054 His
302 1994 403 2054 verbis
417 2004 627 2072 argumentum
642 1997 782 2054 carminis
793 1996 910 2053 finitum
926 2003 982 2054 est.
1000 1992 1089 2070 Quae
1103 1996 1134 2053 in
1145 1994 1245 2071 epodo
1254 2013 1299 2052 se·

170 2087 310 2158 quuntur‚
323 2099 384 2137 non
399 2099 417 2136 a
428 2087 491 2138 toto
505 2080 595 2138 choro
607 2087 730 2137 cantata
741 2097 807 2136 esse
817 2077 979 2136 admodum
988 2077 1148 2154 probabile
1159 2087 1214 2137 est.
1238 2077 1301 2138 Sed

170 2183 353 2243 quamquam
365 2183 433 2220 curn
447 2171 623 2240 argumento
640 2182 751 2235 eorum,
767 2181 846 2239 quae
861 2162 1066 2261 praecedunt,
1076 2163 1174 2220 minus
1192 2162 1299 2220 cohae-

168 2255 246 2320 rent,
259 2255 361 2306 tamen
373 2247 425 2305 vel
439 2267 477 2305 ex
488 2247 536 2304 his
548 2246 720 2322 intelligere
730 2245 802 2303 licet
804 2266 913 2325 q,uam
925 2245 1046 2305 inimico
1058 2247 1089 2304 in
1097 2244 1300 2324 Agamemno-

168 2351 239 2390 nem
251 2333 350 2390 animo
359 2340 412 2390 ant
400 2331 575 2390 tecedentia
588 2330 751 2388 dictasint.
768 2291 860 2388 Inltio
873 2331 1014 2389 carminis
1027 2331 1119 2389 choro
1130 2330 1222 2410 plane
1233 2350 1301 2408 per·

170 2435 292 2474 suasum
307 2415 429 2474 videtur
451 2415 488 2474 de
505 2414 598 2474 Troia
617 2421 773 2492 expugnat
775 2433 807 2489 a,
826 2434 897 2472 nam
911 2417 971 2474 Dls
986 2416 1099 2493 gratias
1114 2415 1193 2474 tanti
1208 2415 1300 2474 bene-

167 2501 230 2558 ficii
245 2501 310 2578 agit
324 2508 356 2559 et
367 2499 539 2577 exemplum
553 2499 654 2576 puniti
672 2498 797 2558 sceleris
812 2498 928 2559 laudat.
958 2500 1020 2560 Sed
1035 2501 1092 2558 hoc
1108 2501 1249 2578 exemplo
1262 2499 1301 2557 ad

170 2586 424 2662 comparationem
445 2583 683 2660 Agamemnonis
703 2583 851 2642 translato
870 2583 908 2642 ob
925 2585 1069 2659 ironiam,
1089 2604 1150 2666 qua
1165 2584 1204 2642 ad
1219 2584 1300 2642 cala·

168 2669 304 2728 mitatem
321 2669 431 2727 civium
449 2667 680 2727 describendam
696 2669 805 2743 utitur,
826 2668 928 2745 gliscit
945 2668 1129 2746 indignatio,
1146 2667 1233 2728 initio
1250 2667 1301 2727 ob-

169 2755 284 2814 scurius
310 2753 482 2830 significata
508 2753 605 2830 magis
634 2753 793 2833 magisque
820 2762 926 2832 aperte
954 2753 1122 2834 eloquitur;
1151 2762 1302 2832 postremo

171 2847 263 2897 exuta
284 2857 389 2936 regum
408 2838 585 2896 reverentia
605 2837 764 2915 imperium
780 2835 1045 2915 Clytaemnestrae
1063 2839 1166 2916 pala'm
1180 2839 1300 2916 vitupe-

168 2932 229 2998 r,at
252 2925 284 2981 in
305 2923 370 2980 eius
390 2921 603 2981 credulitatem
624 2923 795 2996 invehitur,
817 2931 913 2982 totam
927 2922 966 2982 de
983 2932 1074 3000 capta
1086 2923 1182 2981 Troia
1199 2943 1301 2981 narra-

167 2970 282 3066 tiorlem
301 3025 407 3082 parurn
427 3001 616 3083 probabilem
639 3026 705 3066 esse
722 2969 863 3066 affirlnat.
893 3008 938 3067 Ut
926 3016 1025 3068 tvero
1039 3009 1071 3066 in
1088 3009 1153 3085 ipso
1169 3009 1301 3066 carmine

168 3091 273 3170 populi
286 3089 324 3148 de
335 3089 453 3149 Atridis
464 3090 579 3149 iudicia
596 3100 799 3165 enarraverat,
815 3093 860 3150 sic
875 3093 967 3150 etiam
980 3093 1058 3151 haec
1074 3091 1179 3153 dicens
1194 3091 1302 3172 populi

168 3176 268 3234 vicem
286 3193 392 3248 gerere
415 3174 545 3233 videtur.
589 3172 682 3235 Ohori
705 3175 802 3234 verba
822 3174 1069 3255 Clytaemnestra
1090 3176 1207 3236 duobus
1226 3177 1302 3235 locis

171 3258 348 3331 cavillatur,
363 3278 393 3315 v.
408 3266 460 3320 482
472 3267 503 3317 et
517 3267 578 3322 576.

232 3343 303 3400 Duo
328 3342 425 3418 prima
448 3344 581 3400 carmina
607 3343 696 3422 quasi
721 3341 920 3402 fundamenta
942 3353 1026 3418 sunt,
1050 3345 1161 3422 quibus
1184 3344 1302 3404 Chorus

170 3447 288 3486 omnem
303 3445 388 3485 suam
406 3425 445 3484 de
460 3425 692 3503 Agamemnone
709 3427 882 3504 opinionem
897 3429 1037 3506 exponit,
1055 3429 1086 3486 iu
1101 3428 1300 3516 sequentibus

169 3512 247 3572 nihil
273 3509 358 3570 aliud
382 3509 441 3567 nisi
467 3509 507 3568 ad
530 3517 581 3585 ea,
610 3530 689 3588 quae
712 3510 826 3570 inillis
850 3522 1047 3609 exposuerat,
1072 3509 1207 3570 rediens
1219 3530 1302 3568 nova

170 3596 321 3677 quaedam
341 3602 453 3653 anneot
441 3591 487 3654 rit.
531 3595 760 3654 Sententiarum
776 3613 875 3652 nexus
892 3595 923 3652 in
937 3594 985 3652 his
1001 3595 1159 3653 multot
1112 3603 1159 3653 est
1174 3592 1301 3672 expedi-

168 3683 273 3740 tioret
293 3679 428 3760 planior,
451 3677 533 3738 unde
554 3679 656 3737 multis
678 3677 779 3737 verbis
799 3697 866 3736 eum
885 3677 1041 3756 explicare
1057 3677 1299 3758 supersedemus.

169 3766 276 3824 Tertio
300 3765 433 3823 carmine
452 3763 534 3823 redit
554 3763 594 3822 ad
613 3763 660 3838 id,
686 3762 769 3841 quod
789 3763 883 3840 primo
906 3763 1038 3821 carmine
1056 3764 1152 3841 magis
1175 3761 1302 3821 obscure
1328 3784 1330 3789 ¹

170 3851 411 3928 significaverat,
434 3869 524 3928 quarn
546 3855 652 3926 aperte
668 3847 802 3921 dixerat,
824 3867 857 3906 se
875 3847 1033 3924 vulgarem
1050 3847 1088 3907 de
1106 3850 1243 3907 Deorum
1258 3847 1302 3905 in·

171 3935 255 3993 vidia
282 3935 453 4014 opinionem
474 3933 654 4012 improbare.
692 3932 768 3990 Post
789 3931 956 3990 secundum
979 3952 1102 3992 carmen
1129 3941 1242 3991 certum
1263 3929 1301 3990 de

172 4027 347 4096 expugnata
367 4018 463 4078 Troia
487 4019 630 4078 nuncium
653 4017 781 4095 accipit,
807 4017 916 4096 quibus
932 4016 1043 4077 auditis
1055 4037 1122 4089 „non
1138 4017 1191 4077 ille
1206 4017 1302 4075 victo·

170 4103 246 4160 riam
262 4102 406 4176 celebrat,
423 4103 478 4162 sed
488 4103 545 4162 hoc
562 4103 735 4181 exemplum
749 4103 837 4180 ponit
855 4121 1000 4160 summam
1013 4101 1192 4162 felicitatem
1207 4121 1301 4177 saepe

171 4187 203 4245 in
219 4205 363 4243 summam
384 4188 588 4266 calamitatem
607 4186 727 4246 mutari.
765 4185 877 4264 Incipit
894 4186 932 4245 ab
948 4187 1063 4263 omine,
1088 4187 1170 4268 quod
1188 4187 1303 4263 inipso

170 4269 293 4330 nomine
308 4269 451 4330 Helenae
468 4273 540 4336 insit
548 4269 587 4350 ¹),
611 4271 756 4332 describit
770 4270 954 4347 fugientem,
971 4270 1107 4332 Graecos
1121 4280 1301 4332 venatorum

243 4469 269 4534 1)
288 4470 340 4519 His
363 4468 508 4520 verborum
529 4471 634 4521 lusibus
658 4475 686 4519 et
709 4469 807 4522 offensi
830 4473 893 4519 sunt
916 4469 980 4530 alii,
1006 4472 1034 4518 et
1052 4467 1102 4516 alii
1119 4466 1302 4531 patrocinium

172 4543 369 4605 susceperunt,
390 4553 468 4588 nemo
485 4539 604 4590 fortasse
622 4540 730 4603 aptius,
750 4554 832 4604 quam
847 4537 964 4602 Shaksp.
985 4537 1027 4587 his
1044 4536 1151 4599 verbis,
1170 4535 1204 4586 K.
1222 4534 1301 4584 Rich.

1075 4621 1094 4678 4
