3246 5328
286 387 326 448 38
645 387 686 438 De
700 383 830 452 Aeschyli
845 381 1056 450 Agamemnone.

286 552 319 611 id
346 552 501 612 obscurius
531 551 694 631 significari
721 557 959 608 consentaneum
988 557 1045 608 est.
1082 537 1199 624 ’Ἇπυροι
1228 535 1293 621 ἱερά
1317 554 1420 606 autem

288 637 506 716 euphemistice
523 635 605 694 dicta
627 655 692 694 esse
711 633 851 692 videntur
860 633 963 712 ,quia
982 633 1022 692 ad
1035 633 1188 692 homiuem
1204 631 1420 690 immolandum

287 723 367 799 ignis
382 721 484 779 nullus
500 729 546 779 ost
559 741 641 780 usus.

351 804 460 865 Verbis
479 792 613 862 ἕσαθ’
604 795 663 876 <inq
678 801 735 860 νῦν
751 799 828 860 ἔστι·
849 789 1013 860 τελεῐτοιιδ’
1038 789 1114 871 ἒς
1085 821 1120 860 ιο
1141 796 1334 877 πεπρωμένον
1349 801 1419 860 cho-

288 907 340 950 rus
361 889 505 947 indicat'
497 907 599 948 messe
617 887 764 967 aliquid
756 907 788 946 ιιι
809 906 909 945 rerum
932 895 1030 961 statu,
1052 885 1134 965 quod
1156 887 1351 944 offensionem
1366 887 1419 944 ba-

290 975 374 1044 beat,
390 971 487 1046 unde,
505 993 544 1031 ne
560 971 681 1032 adversi
696 971 770 1051 quid
786 971 921 1045 accidat,
937 971 1133 1030 metuendum
1151 971 1205 1046 sit;
1223 970 1263 1029 ad
1279 979 1421 1030 ovantum

290 1057 366 1116 belli
380 1056 412 1115 id
426 1057 535 1116 referri
549 1059 669 1136 nequit,
685 1058 757 1136 quia
771 1055 886 1114 bellum
902 1057 1036 1114 feliciter
1047 1056 1186 1114 finitum
1178 1076 1215 1113 ιιι
1206 1056 1336 1113 chorus
1350 1076 1420 1114 con-

289 1141 356 1200 fidit
344 1139 424 1220 t.(v
448 1140 690 1220 59.104sqq.;)
716 1141 808 1217 igitur
833 1139 874 1198 ad
900 1161 949 1198 res
978 1139 1158 1198 domesticas
1183 1139 1421 1217 Agamemnonis

292 1223 538 1284 transferendum
554 1234 610 1285 est.
635 1225 813 1285 Subiectum
828 1224 867 1281 ad
878 1227 982 1298 παρνθ
984 1219 1055 1294 ἕλξει
1067 1224 1207 1300 intellige
1218 1223 1422 1302 Agamemno-

292 1329 376 1382 nem,
394 1328 478 1366 curus
493 1317 576 1366 men
577 1330 606 1368 ιο
564 1310 709 1367 srmul
724 1329 792 1367 cum
806 1309 992 1367 Menelaov.
1004 1309 1119 1370 blacta
1134 1318 1190 1367 est
1217 1307 1264 1368 Ob
1279 1329 1422 1369 reveren

293 1395 368 1450 tiam
392 1393 473 1469 regis
494 1401 582 1451 caute
611 1393 758 1472 loquitur,
787 1413 959 1472 nomenque
979 1393 1087 1451 reticet
1096 1393 1209 1473 ,quod
1232 1393 1323 1451 etiam
1342 1395 1423 1452 infra

295 1477 430 1574 aliquot
428 1477 503 1536 locis
517 1477 694 1536 factumi
648 1487 701 1537 est.
719 1477 762 1535 Ει
772 1498 824 1536 um
816 1477 1063 1554 Agamemnoni
1078 1479 1235 1549 convenit,
1252 1477 1333 1555 quod
1349 1477 1424 1536 dicit

294 1549 464 1620 ciuncioleno
480 1568 511 1619 et
523 1549 707 1638 ὖπολείβων;
720 1582 792 1620 nam
805 1563 944 1640 quamvis
959 1563 1067 1620 fortem
1080 1570 1111 1621 et
1126 1521 1258 1620 alacrein
1273 1563 1375 1639 palam
1390 1583 1423 1622 se

294 1654 396 1722 gerat,
419 1653 522 1704 tamen
545 1655 617 1722 pect
619 1666 669 1705 oro
692 1644 729 1702 ob
750 1645 935 1704 immolatam
955 1647 1050 1705 filiam
1064 1647 1175 1705 vulnus
1190 1647 1319 1704 haerere
1334 1647 1424 1707 choro

294 1749 472 1807 persuasum
486 1737 541 1788 est.
571 1730 676 1790 Verba
693 1719 760 1788 οὔτε
780 1719 933 1805 δαιρνων,
955 1750 1035 1810 quae
1056 1732 1149 1809 vulgo
1169 1740 1249 1872 postt
1258 1719 1424 1808 ὑπολείβων

295 1815 453 1891 leguntur,
470 1822 621 1892 tamquam
638 1814 788 1891 glossema
809 1815 894 1874 eieci.
925 1815 1108 1875 Tenendum
1130 1825 1176 1875 est
1197 1823 1249 1873 aut
1251 1835 1296 1873 em
1319 1815 1423 1874 obscu-

295 1900 417 1957 ritatem
436 1899 496 1956 hoc
516 1899 631 1956 Ιοοοι
601 1907 631 1957 ει
634 1900 693 1956 iam
714 1898 751 1956 ob
771 1899 862 1956 aliam
881 1919 1020 1958 caussam
1040 1901 1210 1980 quaesitam
1230 1919 1307 1959 csse.
1344 1901 1425 1958 Nam

297 1983 441 2060 insignis
450 1983 601 2082 quaedam
628 1983 675 2042 vis
699 1980 739 2040 ad
755 1981 921 2042 movendos
948 1983 1073 2044 audient
1061 1994 1107 2044 tes
1129 1986 1160 2044 in
1187 2005 1222 2044 eo
1246 1985 1345 2070 posita
1369 1993 1424 2057 est,

297 2066 381 2145 quod
403 2068 509 2126 chorus
530 2077 590 2127 stat
578 2067 631 2127 tim
658 2075 818 2145 postquam
840 2067 966 2145 prodiit,
991 2071 1069 2128 curis
1094 2091 1127 2128 se
1150 2070 1221 2146 angi
1241 2059 1425 2168 significans

296 2153 383 2211 initio
399 2153 525 2212 obscure
540 2153 638 2232 loquit
640 2173 683 2228 ur,
699 2159 733 2210 ut
745 2151 902 2210 audientes
918 2153 1137 2232 aliquantisper
1151 2154 1291 2232 suspensi
1300 2161 1426 2212 t-enean

298 2245 361 2310 tur,
387 2235 458 2296 dein
483 2237 696 2315 progrediente
718 2236 824 2294 fabula
850 2244 879 2295 et
901 2237 1105 2298 sollicitudine
1129 2251 1285 2298 crescente
1315 2239 1426 2297 sensim

298 2321 395 2398 magis
413 2323 571 2399 magisque
589 2322 700 2400 apertis
719 2320 820 2379 verbis
835 2321 939 2379 utitur.

361 2421 399 2478 In
416 2422 476 2480 fine
494 2430 726 2501 anapaestorum
748 2421 854 2479 chorus
875 2419 1110 2481 sollicitudinem
1131 2444 1216 2484 suam
1235 2426 1343 2483 iterum
1360 2431 1425 2482 tan·

300 2505 358 2581 git,
374 2525 469 2584 seque
485 2527 666 2586 suspensum
681 2507 760 2564 inter
775 2525 860 2584 spem
875 2512 906 2563 et
921 2506 1057 2564 timorem
1074 2528 1139 2566 esse
1153 2510 1211 2584 ιιι,
1230 2507 1301 2568 dein
1315 2510 1347 2567 in
1363 2528 1426 2566 car·

267 2587 272 2598 “
300 2591 382 2648 ιιιίιιο
398 2590 525 2668 apodico
546 2612 634 2650 omen
648 2587 765 2650 Atridis
786 2598 857 2648 ante
874 2598 1045 2668 susceptam
1068 2591 1290 2670 expeditionem
1303 2595 1427 2657 missum

302 2673 517 2735 ethlchantis
532 2677 710 2735 vaticinium
724 2683 837 2732 narrat.
867 2673 950 2750 Quid
965 2673 1057 2751 igitur
1070 2677 1166 2753 magis
1183 2687 1427 2749 consentaneum,

301 2779 393 2837 quam
402 2759 484 2819 hunc
497 2781 565 2818 esse
575 2760 793 2818 sententiarum
810 2779 936 2830 nexum,
952 2766 986 2816 ut
1001 2759 1109 2818 chorus
1129 2761 1332 2820 sollicitudine
1349 2782 1427 2819 com·

301 2850 465 2900 memorata
485 2842 525 2900 ad
546 2863 684 2902 caussam
705 2843 769 2901 eius
791 2841 1021 2916 sollicitudiniS,
1042 2865 1121 2923 quae
1135 2843 1183 2904 his
1202 2847 1275 2923 ipsis
1295 2846 1427 2904 continc-

300 2934 363 2999 tur,
383 2945 462 3004 quae
483 2927 514 2984 in
536 2928 669 2987 carmine
692 2926 818 3005 apodico
839 2936 1016 3000 narrantur,
1039 2928 1254 3008 explicandam
1272 2927 1429 2988 transeat?

303 3008 366 3070 Sed
382 3011 489 3068 chorus
507 3012 631 3090 quidem
649 3012 707 3071 hoc
723 3011 908 3083 dissimulat,
926 3020 1081 3091 tamquam
1098 3033 1235 3072 caussam
1251 3012 1430 3072 sollicitudi-

303 3095 350 3153 nis
368 3093 434 3173 ipse
450 3095 507 3154 sibi
524 3097 659 3156 confiterr
673 3097 813 3170 nolrt
783 3104 813 3154 ιιι
827 3105 881 3174 pot
882 3097 929 3154 ius
945 3097 1060 3157 laetum
1077 3119 1162 3157 omen
1170 3119 1254 3176 quo
1267 3099 1365 3157 Du
1336 3105 1429 3155 νιι

301 3179 378 3236 riam
407 3181 616 3259 promiserint,
645 3201 678 3240 se
713 3180 870 3240 celebrare
894 3201 984 3286 posse
1015 3185 1078 3279 ait,
1096 3202 1294 3280 quamquam
1324 3202 1431 3240 versus

304 3265 540 3341 epiphthegmat
533 3286 597 3325 rcus
621 3263 753 3339 αἴλινον,
774 3263 893 3323 αἴλινον
919 3255 997 3339 ειπέ,
1022 3249 1162 3324 rodco
1183 3259 1310 3340 νικάτω,
1332 3267 1432 3324 statim

303 3348 428 3408 audient
416 3357 462 3408 tes
479 3359 582 3409 monet
598 3370 743 3410 caussam
757 3371 847 3410 curae
866 3350 1060 3410 nihilominus
1076 3353 1135 3410 hac
1149 3352 1322 3410 narratione
1339 3350 1433 3408 conti-

301 3435 378 3494 neri.
408 3433 512 3494 Verba
519 3435 651 3514 ,quibus
668 3455 789 3494 carmen
804 3436 925 3513 incipit,
898 3436 1018 3494 thaec
1034 3445 1117 3495 sunt:

469 3541 580 3652 Κοριός
594 3549 653 3630 εἰμι
663 3554 769 3650 θροεῖν
784 3541 867 3610 ὅδιον
879 3541 985 3629 κράτος
995 3548 1093 3610 αἴσιον
1107 3541 1226 3628 οἷνδρων

433 3627 680 3696 &Entellus
663 3657 704 3694 ειι
720 3625 776 3714 γὰρ
799 3627 912 3694 θεόθεν
928 3635 1097 3694 καιαπνείει

467 3711 576 3817 Hetdpi
592 3712 726 3819 μολπάν,

473 3793 583 3862 Ἀλκᾶν
580 3797 749 3905 σομφνιος
765 3798 855 3878 αἰών,

465 3881 569 3958 Ὀπως
580 3879 707 3982 Ἀχοιιῶν

471 3970 625 4062 Δίθρονον
639 3991 762 4065 κριτος,
773 3959 913 4038 Ελλάδος
926 3958 1002 4044 ηβοις

471 4044 638 4125 Ξύμφρονοι
656 4045 767 4130 ταγάν,

471 4131 587 4209 Πέμπει
603 4127 660 4194 οὖν
676 4133 740 4208 δορὶ
756 4132 806 4192 καὶ
821 4132 884 4233 χερὶ
898 4150 1042 4207 προικιορι

475 4211 634 4295 Θονριος”
617 4240 700 4297 ορνις
716 4211 852 4294 Τευκρίδ’
872 4213 908 4274 ἐπ
935 4209 1004 4273 clav
1018 4234 1085 4294 sqq.

364 4337 402 4396 In
416 4337 464 4396 his
480 4335 575 4396 verba
590 4345 711 4480 corrupt
713 4357 731 4394 a
749 4332 790 4392 ἔτι
804 4324 861 4412 γάρ
877 4327 991 4392 θεόθεν
1006 4332 1175 4392 καταπνείει
1191 4353 1257 4413 sqq.
1279 4334 1322 4391 ita
1337 4334 1435 4411 expli-

307 4431 378 4483 cant
392 4424 642 4502 interpretas‚ut
662 4436 813 4498 σνμφντος
833 4413 907 4478 αἰών
929 4418 967 4478 de
990 4427 1146 4480 senectute
1163 4420 1375 4480 choreutarum
1391 4417 1435 4476 di-
