3254 5304
405 393 652 448 Coniectaneorum
669 394 697 446 iu
715 398 812 463 poetas
828 412 944 464 graecos
960 397 1050 468 capita
1065 399 1129 450 duo.
1276 395 1335 456 165

744 557 793 620 17.

258 679 405 739 Eiusdem
420 680 458 738 fr.
473 686 535 741 704
749 709 753 716 ·

259 764 437 823 Athenaeus
454 764 515 822 XV
522 783 579 842 ,.p
597 771 692 824 688a.
712 752 802 819 Καὶὸ
819 762 978 838 Σοφοκλῆς
992 752 1076 823 di
1044 785 1097 836 τοις
1113 753 1333 900 ἀπολελυμένας

196 868 248 908 τοο
236 842 362 927 φόβου
379 847 522 922 πεποίηκε
541 839 682 960 λεγούσας

407 947 501 1044 Θρμῳ
516 935 544 1004 d’
564 937 646 1016 ούτις
661 935 774 1028 φαιδρύ
787 939 901 1025 χορεύει

406 1007 541 1110 Τύρβοιις
555 1023 698 1109 θογατηρ.

196 1115 416 1178 Scribendum:

406 1199 500 1282 Θομω
515 1188 544 1256 ιλ
567 1196 671 1271 ἐλπὶς
692 1187 806 1278 φαιδρὰ
820 1193 936 1277 χορεύει

405 1261 541 1362 Τύρβους
555 1277 699 1362 θυγάτηρ.

196 1385 301 1466 Spes
293 1408 324 1446 m
339 1387 438 1446 locum
456 1389 570 1446 timoris
585 1386 753 1446 succedens
770 1406 809 1445 ex
830 1405 866 1444 eo
885 1394 959 1445 nata
974 1386 1049 1445 dicit
1037 1395 1094 1446 t.ur
1125 1388 1225 1448 Simili
1239 1389 1330 1449 modo

194 1470 368 1552 Aeschylus
391 1473 584 1532 contrarium·
594 1470 802 1569 praedicavit,
828 1491 867 1529 ex
888 1472 983 1530 nimia
1007 1471 1120 1530 fiducie
1136 1473 1223 1531 nasci
1242 1475 1329 1532 timo-

193 1576 257 1614 rem
272 1576 410 1629 monens,
427 1556 533 1636 Suppl.
552 1579 582 1616 v.
599 1567 660 1621 507.
689 1548 818 1631 φύλαξαι
832 1544 873 1631 μὴ
888 1548 1003 1686 θρύσος
1018 1552 1088 1638 ce'up
1104 1549 1209 1634 φόβον.

736 1721 786 1784 18.

254 1824 411 1904 Euripidis
427 1827 555 1939 Hippol.
571 1848 600 1884 v.
619 1835 670 1890 665
685 1831 751 1904 sqq.

404 1915 486 1998 Τλς”
468 1949 507 1985 ον
525 1925 608 1985 θεῶν
624 1916 755 2003 ύρωγος,
769 1912 790 2020 ἡ
785 1911 885 1995 'loto
867 1945 905 1982 αν
919 1924 1037 2003 βροτῶν

401 1999 591 2089 Πύρεδρος
571 2030 591 2084 η
609 2004 767 2108 ξύνεργος
761 1997 872 2066 ἀδίκων
874 2007 985 2106 ἔργων

404 2093 535 2170 Φα·νελη;
553 2085 586 2154 τὸ
602 2085 661 2172 γὰρ
676 2082 767 2172 παρ’
752 2095 824 2166 ημῖν
839 2086 940 2163 πάθος

303 2225 309 2238 .
402 2171 530 2258 Παρόν
553 2173 831 2254 ιλιιςειιιιλρατον
857 2173 1002 2254 ἔρχεται
1026 2176 1066 2254 βλ
1070 2197 1120 2236 ov.

194 2283 293 2340 Versu
315 2289 466 2358 postremo
482 2279 609 2356 vulgate
633 2277 782 2356 explicari
800 2279 922 2356 nequit3
945 2279 977 2337 in
998 2279 1153 2338 codicibus
1170 2282 1328 2340 nonnullis

192 2365 275 2463 plion,
297 2364 379 2446 quod
402 2365 507 2424 deberi
523 2362 645 2423 videtur
663 2363 766 2420 manui
783 2361 997 2422 emendatoris.
1026 2365 1142 2423 Vitium
1160 2374 1247 2444 apert
1249 2386 1265 2424 e
1282 2367 1327 2425 in·

194 2459 240 2509 est
260 2450 290 2507 in
310 2471 387 2509 voce
413 2437 524 2526 παρὸν,
546 2468 626 2528 quae
643 2448 687 2505 ita
700 2447 840 2523 languet,
856 2456 891 2505 ut
905 2449 1023 2507 etiamsi
1039 2458 1108 2507 caet
1110 2471 1162 2508 era
1178 2451 1329 2528 explicari

191 2544 330 2612 possent,
345 2544 448 2594 tamen
467 2553 574 2593 versus
590 2539 749 2611 corruptus
767 2532 986 2591 existimandus
1002 2541 1091 2593 esset.
1125 2534 1328 2594 Scribendum

191 2619 277 2679 videt
265 2628 328 2679 tu:r

539 2725 542 2732 ¹
607 2720 639 2758 το
655 2688 712 2778 γὰρ
727 2719 787 2774 παρ
816 2691 890 2776 ημῖν
904 2693 1005 2771 πύθος

400 2776 527 2846 Πύιον
543 2781 759 2864 δοςεκπλρατον
774 2781 889 2862 ἔρχεται
902 2784 937 2863 βλ
936 2806 982 2844 ου
1036 2817 1039 2822 -

192 2891 339 2951 Similit
309 2899 339 2950 et
359 2909 450 2949 sensu
471 2896 503 2946 et
517 2887 688 2964 corrigendi
706 2887 837 2945 facilitat
825 2895 856 2945 te
871 2885 1013 2944 scribit
983 2894 1013 2944 et
1015 2886 1074 2943 iam
1088 2887 1185 2963 possit
1173 2877 1327 2958 tlldoov

192 2971 405 3049 ιλυςεκιιλροιτοι
421 2993 504 3050 sqq,
520 2973 564 3030 uti
587 2973 718 3031 coniecit
734 2972 794 3030 Th
812 2971 963 3047 Bergkius
979 2971 1149 3030 Zimmerm.
1167 2971 1243 3030 dior.
1260 2973 1325 3049 phi-

190 3059 255 3118 loll.
279 3068 360 3132 1836,
384 3079 414 3136 p.
434 3065 478 3118 49.
509 3055 572 3114 Sed
592 3066 749 3152 praestare
772 3055 858 3114 nobis
879 3055 1001 3114 videtur
1015 3048 1125 3129 πάτον,
1143 3065 1174 3114 et
1190 3055 1326 3114 consulto

194 3145 295 3200 iuncta
311 3142 407 3200 verbe
421 3131 520 3210 πύθος
537 3147 567 3198 et
584 3132 695 3214 πύτον,
719 3138 887 3198 cuiusmodi
906 3139 1005 3199 lusum
1022 3161 1041 3198 a
1055 3161 1141 3218 poesr
1132 3140 1327 3219 Euripides

190 3248 253 3286 non
269 3246 336 3286 esse
352 3227 485 3286 alienum
501 3233 627 3284 constat

707 3599 803 3679 XII.

188 3751 310 3823 Ueber
329 3747 450 3821 caroli
471 3748 651 3821 Friderici
669 3747 889 3835 Hermanni,
912 3743 1139 3820 Professoris
1156 3744 1324 3818 uarum·

190 3853 334 3944 gensis,
362 3852 570 3943 disputatio
593 3855 639 3925 de
666 3849 930 3926 distributione
957 3867 1203 3941 personarum
1222 3847 1323 3921 inter

239 3955 441 4028 histriones
458 3955 497 4028 in
512 3956 716 4049 tragoediis
732 3954 889 4049 graecis.
913 3951 1106 4043 limburgi
1121 3950 1269 4040 1s40.*)

670 4115 848 4126 ———

207 4263 211 4270 .
253 4208 351 4266 Unter
384 4205 444 4268 den
470 4210 666 4271 zahlreichen
694 4231 732 4269 zu
764 4208 919 4270 Gottfried
946 4207 1119 4267 Hermanno
1148 4205 1324 4267 Jubelfeier

189 4287 411 4350 ersclrienenen
425 4293 580 4352 Schriften
596 4297 703 4355 nimmt
717 4315 773 4354 vor
789 4295 872 4364 allen
891 4293 941 4353 dic
955 4291 1155 4368 vorliegende
1172 4309 1234 4349 von
1249 4288 1323 4347 Oerl

189 4399 392 4410 ..--.----

258 4443 285 4509 *)
303 4443 361 4494 Aus
379 4442 593 4493 Zimmermenns
610 4446 715 4497 Ztsohr.
733 4445 753 4493 λ.
773 4445 800 4496 d.
818 4443 1020 4494 Alterthumsw.
1041 4440 1117 4502 1841,
1135 4441 1183 4489 Νι.
1204 4438 1262 4488 146.
