3254 5304
305 446 364 505 150
508 445 754 497 Coniectaneorum
769 441 797 492 in
815 443 911 508 poetes
927 455 1043 503 graecos
1058 436 1149 506 capita
1163 437 1238 488 dno.-

305 619 381 690 dioi,
397 615 428 674 id
447 612 571 694 quidem
591 611 690 670 levius
705 607 844 678 videtur,
868 605 940 683 quia
957 599 1067 680 πληγαὶ
1082 601 1204 678 καρδίας
1217 605 1313 662 letale
1331 606 1446 666 vulnus·

305 703 480 780 significant
507 706 600 775 atque
630 694 708 752 adeo
736 690 858 770 gladius
887 709 1017 766 superne
1044 689 1173 748 iniectus
1197 691 1336 767 professo
1362 693 1442 750 collo

306 790 398 846 etiam
424 805 474 842 cor
493 781 657 840 vulnerare
680 785 810 857 poterat.
845 775 990 853 Denique
1013 771 1047 831 G.
1072 775 1109 832 F.
1125 774 1218 832 Halm
1240 777 1271 833 in
1286 797 1439 852 program·

304 879 385 932 mate
402 891 429 928 a.
451 877 519 929 1835
535 865 617 924 edito
637 862 808 942 proposuit:
835 850 892 937 δρα
908 854 940 917 δὲ
960 845 1075 934 πληγδς
1096 850 1148 928 τάς
1162 856 1194 916 δε
1214 858 1338 935 καρδίας
1360 856 1441 930 ἕθεν,
1503 903 1507 912 .

306 955 413 1015 eodem
428 972 517 1031 quem
532 950 636 1008 Herm.
652 949 751 1007 voluit
767 966 873 1006 sensu:
897 947 1039 1023 conspice
1052 945 1131 1003 haec
1145 945 1274 1005 vulnera
1289 946 1387 1006 cordis
1402 947 1441 1006 ab

303 1041 358 1099 illo
375 1036 419 1116 (h.
431 1057 457 1096 e.
473 1036 598 1112 Oreste)
615 1035 741 1093 inflicta.
753 1063 793 1073 —
807 1030 948 1110 Apparet
961 1031 1042 1089 hunc
1056 1049 1178 1088 versum
1191 1052 1252 1089 non
1270 1051 1331 1090 uno
1354 1033 1442 1091 modo

304 1144 395 1204 posse
411 1121 504 1181 scribi
520 1128 551 1179 et
565 1119 711 1195 intelligi,
729 1119 814 1176 cuins
832 1119 878 1176 rei
892 1115 1037 1175 iudicium
1053 1136 1071 1173 a
1086 1117 1278 1196 sequentium
1294 1117 1441 1197 interpre-

304 1211 420 1268 tatione
434 1203 557 1284 pendet.

368 1293 483 1351 Versus
497 1289 604 1347 tertins
618 1288 698 1346 hanc
713 1287 898 1346 sententiam
917 1286 1068 1344 continet:
1092 1285 1161 1344 lnce
1176 1285 1330 1344 hominum
1346 1287 1442 1344 fatum

305 1375 479 1457 praevideri
490 1374 606 1450 nequit.
640 1371 774 1448 Quorum
792 1391 906 1430 nexum
923 1366 1001 1429 udus
1016 1369 1204 1429 Abresohius
1220 1370 1376 1447 explicare
1392 1392 1441 1431 co·

305 1470 397 1522 uatus
419 1468 478 1518 est:
501 1458 583 1530 „Nil
603 1458 725 1535 proprie
745 1456 795 1514 hic
812 1475 919 1514 versus
939 1454 1225 1533 cumpraecedente
1243 1454 1442 1515 1111111111]οοί-

309 1546 373 1606 des.
410 1543 474 1602 sed
494 1543 595 1601 solent
616 1542 735 1600 scilicet
761 1548 873 1618 poetae
899 1541 1009 1616 tragici
1035 1541 1201 1618 praecipue
1224 1549 1392 1619 praecepta
1413 1550 1444 1601 et

308 1629 494 1690 sententiose
517 1625 600 1684 dicta
616 1625 793 1704 frequenter
816 1625 1052 1702 interspergere.
1087 1625 1212 1683 Interim
1234 1633 1443 1701 argumentum

310 1715 445 1774 continet
466 1732 484 1769 a
499 1712 631 1787 minore3
653 1711 741 1790 quasi
759 1709 901 1783 dixisset,
919 1711 961 1783 si,
980 1708 1061 1788 quod
1081 1711 1112 1767 in
1128 1709 1267 1768 confesso
1283 1718 1340 1784 est,
1355 1730 1441 1769 mens

307 1801 440 1858 humana
461 1815 586 1873 corpore
601 1797 700 1874 sopito
717 1795 812 1852 cernit
827 1795 935 1863 acrius,
951 1793 1074 1874 quando
1088 1794 1170 1852 istud
1184 1794 1281 1871 magis
1299 1793 1338 1852 de
1354 1795 1443 1854 vobis

309 1882 437 1943 Deabus
459 1879 543 1940 credi
569 1899 626 1958 par
654 1880 736 1939 est.“
775 1877 864 1955 Quae
886 1880 1038 1938 sententia
1061 1887 1091 1937 et
1112 1879 1267 1938 obscurius
1296 1898 1443 1957 expressa

309 1987 400 2047 quam
422 1986 502 2046 quae
523 1965 656 2041 intelligi
675 1963 788 2042 possit,
816 1971 846 2020 et
867 1962 993 2039 indigna
1014 1964 1072 2021 hoc
1094 1964 1161 2023 loco
1185 1963 1346 2023 simulacro
1368 1963 1443 2046 Oly-

310 2059 525 2124 teemnestrae,
541 2048 668 2126 indigna
681 2055 774 2128 poeta
789 2065 911 2126 quoquo
922 2047 990 2105 loco
1006 2049 1115 2126 posita.
1141 2048 1339 2108 Wellauerus
1355 2053 1445 2126 μοῖρα

309 2129 478 2210 πρόσκοντος
492 2135 613 2211 legens:
631 2132 764 2192 interdiu
779 2141 813 2190 ut
827 2140 916 2190 acute
933 2141 1067 2206 cernant,
1084 2133 1254 2192 hominibus
1270 2132 1373 2192 datum
1389 2144 1444 2194 est.

309 2221 477 2280 Muellerus
499 2221 530 2278 in
551 2219 802 2297 interpretatione
823 2234 930 2274 vocem
954 2215 1070 2292 βροτῶν
1094 2219 1206 2279 omisit:
1237 2218 1330 2278 Denn
1345 2220 1444 2278 schla-

309 2305 384 2364 fend
404 2305 531 2362 schauet
549 2303 656 2362 hellen
680 2301 766 2380 Augs
788 2300 842 2358 der
865 2299 956 2359 Geist
970 2300 1092 2372 umher,
1116 2302 1163 2362 Ob
1180 2303 1258 2360 auch
1277 2302 1444 2382 das'Pags-

308 2389 385 2448 licht
399 2389 503 2448 solche
521 2387 680 2446 Vorscheu
694 2387 779 2445 nicht
795 2393 955 2462 vergbnnt.
993 2385 1185 2445 Hermannus
1206 2409 1222 2446 e
1241 2389 1343 2448 verbis
1358 2389 1444 2450 scho-

310 2475 437 2532 liastae:
461 2461 480 2546 ἡ
501 2470 555 2545 τῆς
569 2461 678 2548 φρενὸς
695 2474 785 2546 μοῖρα
800 2457 836 2527 οὗ
858 2469 972 2548 προορᾷ
991 2464 1022 2525 ἐν
1039 2457 1151 2550 ἡμέρᾳ,
1174 2492 1229 2548 pro
1248 2471 1364 2550 βροτῶν
1380 2495 1444 2534 cor-

310 2560 383 2636 rigit
403 2557 533 2635 φρενῶν.
568 2555 735 2631 „Interdiu
758 2553 940 2633 praevidere
963 2554 1058 2612 menti
1078 2574 1139 2612 non
1160 2554 1262 2614 datum
1285 2560 1367 2618 est.“
1403 2558 1446 2618 At

312 2643 494 2702 scholiastae
517 2641 640 2723 quidem
659 2640 755 2699 verba
774 2639 852 2700 nihil
867 2639 1011 2716 probant,
1035 2659 1125 2717 quem
1146 2650 1447 2704 consentaneum-est

311 2748 418 2786 vocem
442 2725 574 2802 βροτῶν,
598 2745 688 2804 quam
707 2745 770 2782 non
790 2724 990 2800 intelligeret,
1017 2733 1047 2781 et
1072 2725 1171 2801 ipsum
1192 2726 1327 2786 omisisse
1353 2737 1383 2786 et
1404 2729 1444 2786 ad

311 2831 418 2870 vocem
432 2813 521 2886 μοῖρα
536 2810 705 2886 genitivum
728 2807 781 2882 τῆς
804 2799 913 2884 φρενὸς
937 2827 975 2865 ex
989 2807 1191 2868 antecedente
1205 2829 1235 2868 v.
1251 2801 1375 2870 εὕδουσα
1388 2802 1446 2890 yolo

311 2887 412 2969 φρὴν
432 2913 498 2973 sqq.
523 2893 732 2970 supplevisse3
757 2891 789 2950 id
814 2891 896 2972 quod
919 2894 1011 2950 etiam
1030 2913 1173 2952 numerus
1189 2895 1366 2972 singularis,
1388 2918 1446 2976 quo

311 2979 421 3048 utitur,
446 2976 588 3036 ostendit.
620 2975 727 3036 Muell.
745 2976 987 3036 emendationem
1002 2976 1121 3053 φρενῶν
1140 2998 1173 3036 se
1188 2999 1250 3037 non
1265 2980 1446 3060 improbatu-

310 3083 376 3121 rum
395 3061 486 3136 dicit,
504 3063 564 3120 nisi
579 3061 691 3120 idonea
706 3062 886 3120 auctoritate
900 3083 962 3121 non
977 3064 1123 3122 munitam
1140 3071 1271 3142 putaret.

372 3147 560 3226 Interpretes
575 3145 649 3204 licet
664 3145 785 3204 diverso
797 3145 886 3205 modo
902 3146 1094 3225 explicantes
1107 3155 1138 3205 et
1150 3147 1347 3208 emendantes
1363 3150 1394 3209 in
1411 3171 1447 3209 eo

310 3233 475 3312 plerosque
492 3232 660 3290 consentire
676 3239 818 3308 apparet,
839 3239 873 3289 ut
887 3232 1062 3308 generalem
1078 3233 1185 3290 horum
1203 3234 1364 3293 verborum
1380 3256 1447 3294 sen-

310 3319 439 3376 tentiam
460 3337 527 3376 esse
549 3323 673 3393 putent,
695 3317 781 3374 cuius
801 3316 866 3374 fere
883 3335 990 3376 sensus
1007 3318 1061 3391 sit,
1081 3325 1115 3375 ut
1128 3327 1222 3377 noctu
1236 3340 1322 3378 mens
1339 3321 1449 3379 acriter

312 3421 451 3474 cernere,
474 3400 607 3460 interdiu
634 3401 736 3459 futura
759 3399 934 3478 praevideri
962 3422 1025 3460 non
1051 3423 1141 3480 posse
1162 3402 1312 3463 dicantur.
1349 3402 1449 3480 Quam

311 3488 494 3546 sententiam
513 3487 623 3546 falsam
645 3493 677 3544 et
703 3485 836 3544 alienam
857 3484 895 3542 ab
916 3485 973 3543 hoc
994 3486 1061 3545 loco
1084 3486 1303 3562 indicaremus,
1330 3489 1448 3548 etiamsi

262 3631 266 3638 ,
311 3571 407 3630 verba
423 3591 459 3630 eo
481 3570 571 3630 modo
591 3571 786 3647 interpretari
804 3570 930 3642 liceret,
954 3570 1036 3648 quod
1060 3567 1122 3628 nori
1146 3572 1229 3632 licet.
1259 3573 1338 3632 Nam
1355 3592 1446 3648 quum

311 3655 386 3714 talia
407 3657 464 3714 hoc
490 3656 558 3716 loco
580 3663 723 3732 reputare
750 3655 897 3713 absonum
919 3655 958 3714 sit
984 3655 1148 3713 obumbra
1172 3655 1445 3734 Clytaemnestrae,

311 3760 391 3818 qnae
413 3749 530 3800 tantum
553 3739 641 3800 abest
668 3749 703 3798 ut
731 3739 928 3817 tranquillam
947 3739 1175 3800 meditationem
1195 3741 1313 3812 foveat,
1331 3749 1364 3797 ut
1384 3741 1444 3798 sin·

311 3821 384 3901 gula
412 3827 443 3884 in
464 3825 558 3883 furias
585 3822 779 3884 acerbissime
804 3823 886 3882 dieta
908 3824 984 3898 sint,
1004 3833 1068 3884 tum
1089 3845 1161 3884 vero
1186 3825 1338 3884 sententia
1358 3833 1392 3882 nt
1407 3823 1446 3882 de

310 3917 412 3967 mente
434 3909 568 3968 humana
589 3917 675 3986 apta,
698 3910 741 3966 ita
762 3908 914 3968 humanae
937 3911 1046 3970 mentis
1067 3910 1188 3989 proprie
1211 3929 1229 3966 a
1250 3907 1445 3987 Clytaemne-

311 4000 373 4049 stra
388 3991 427 4050 ad
442 3993 552 4050 Furias
567 3993 725 4050 transferri
739 3991 913 4051 absurdum.

375 4075 502 4134 Scilicet
527 4077 711 4154 interpretes
731 4077 763 4134 in
784 4097 820 4135 eo
844 4096 948 4135 omnes
962 4077 1044 4155 lapsi
1058 4084 1142 4150 sunt,
1165 4073 1248 4154 quod
1264 4077 1448 4136 sententiam

312 4158 488 4236 generalem
507 4179 573 4218 esse
591 4159 815 4233 existimabant,
831 4179 910 4240 quae
924 4160 963 4219 ad
979 4162 1060 4221 solas
1074 4161 1182 4221 Furias
1193 4161 1336 4239 pertinet.
1363 4161 1448 4220 Luce

310 4242 424 4302 Furiae
440 4241 581 4302 Orestem
601 4242 640 4302 de
662 4243 801 4303 manibus
823 4246 887 4304 suis
909 4247 1041 4322 effugere
1065 4265 1176 4324 passae
1196 4255 1298 4318 erant3
1321 4245 1449 4304 eaedem

314 4328 431 4406 sopitae
463 4347 566 4385 somno
594 4335 746 4404 anguntur
776 4349 878 4388 rerum
905 4331 1008 4408 specie
1033 4351 1089 4408 per
1114 4351 1252 4390 somnum
1280 4328 1449 4389 oblatarum

310 4413 422 4491 (ipsum
448 4410 711 4490 Clytaemnestrae
736 4413 928 4473 simulacrum
958 4414 1032 4492 qnid
1055 4415 1139 4473 aliud
1168 4436 1260 4494 quam
1287 4415 1448 4473 Furiarum

310 4497 472 4571 somnium,
496 4495 577 4576 quod
600 4498 686 4577 quasi
710 4498 909 4575 spectandum
931 4499 1091 4558 exhibetur
1099 4497 1144 4576 P),
1160 4501 1323 4578 neglectae
1344 4499 1447 4557 matris
