<?xml version="1.0" encoding="UTF-8"?>
<!DOCTYPE html PUBLIC "-//W3C//DTD XHTML 1.0 Transitional//EN"
    "http://www.w3.org/TR/xhtml1/DTD/xhtml1-transitional.dtd">
<html xmlns="http://www.w3.org/1999/xhtml" xml:lang="en" lang="en">
 <head>
  <title>
</title>
<meta http-equiv="Content-Type" content="text/html;charset=utf-8" />
  <meta name='ocr-system' content='tesseract 3.04.00' />
  <meta name='ocr-capabilities' content='ocr_page ocr_carea ocr_par ocr_line ocrx_word'/>
</head>
<body>
  <div class='ocr_page' id='page_1' title='image "./fbambergeriopus00bambgoog_0206.png"; bbox 0 0 3254 5304; ppageno 0'>
   <div class='ocr_carea' id='block_1_1' title="bbox 403 371 1324 461">
    <p class='ocr_par' dir='ltr' id='par_1_1' title="bbox 403 371 1324 461">
     <span class='ocr_line' id='line_1_1' title="bbox 403 371 1324 461; baseline -0.003 -14"><span class='ocrx_word' id='word_1_1' title='bbox 403 394 652 448; x_wconf 78' lang='lat' dir='ltr'>Coniectaneorum</span> <span class='ocrx_word' id='word_1_2' title='bbox 665 391 694 444; x_wconf 91' lang='lat' dir='ltr'>in</span> <span class='ocrx_word' id='word_1_3' title='bbox 709 371 807 461; x_wconf 82' lang='lat' dir='ltr'>poetas</span> <span class='ocrx_word' id='word_1_4' title='bbox 826 407 939 458; x_wconf 82' lang='lat' dir='ltr'>graecos</span> <span class='ocrx_word' id='word_1_5' title='bbox 954 391 1040 461; x_wconf 83' lang='lat' dir='ltr'>capite</span> <span class='ocrx_word' id='word_1_6' title='bbox 1052 391 1118 444; x_wconf 87' lang='lat' dir='ltr'>duo.</span> <span class='ocrx_word' id='word_1_7' title='bbox 1266 385 1324 444; x_wconf 84' lang='lat'>157</span> 
     </span>
    </p>
   </div>
   <div class='ocr_carea' id='block_1_2' title="bbox 181 555 1326 1212">
    <p class='ocr_par' dir='ltr' id='par_1_2' title="bbox 181 555 1326 1212">
     <span class='ocr_line' id='line_1_2' title="bbox 194 555 1324 637; baseline -0.011 -15"><span class='ocrx_word' id='word_1_8' title='bbox 194 560 409 622; x_wconf 80' lang='lat' dir='ltr'>Schneidewin</span> <span class='ocrx_word' id='word_1_9' title='bbox 426 561 458 620; x_wconf 91' lang='lat' dir='ltr'>in</span> <span class='ocrx_word' id='word_1_10' title='bbox 480 559 558 620; x_wconf 90' lang='lat' dir='ltr'>libro</span> <span class='ocrx_word' id='word_1_11' title='bbox 574 579 634 637; x_wconf 90' lang='lat' dir='ltr'>quo</span> <span class='ocrx_word' id='word_1_12' title='bbox 658 556 802 617; x_wconf 80' lang='lat' dir='ltr'>Orionem</span> <span class='ocrx_word' id='word_1_13' title='bbox 820 555 1000 616; x_wconf 78' lang='lat' dir='ltr'>Thebanum</span> <span class='ocrx_word' id='word_1_14' title='bbox 1014 558 1124 636; x_wconf 88' lang='lat' dir='ltr'>primus</span> <span class='ocrx_word' id='word_1_15' title='bbox 1145 555 1324 635; x_wconf 61' lang='lat' dir='ltr'>publicavit,</span> 
     </span>
     <span class='ocr_line' id='line_1_3' title="bbox 194 641 1324 718; baseline -0.006 -14"><span class='ocrx_word' id='word_1_16' title='bbox 194 646 233 705; x_wconf 90' lang='lat' dir='ltr'>de</span> <span class='ocrx_word' id='word_1_17' title='bbox 249 648 393 707; x_wconf 80' lang='lat' dir='ltr'>Maesone</span> <span class='ocrx_word' id='word_1_18' title='bbox 410 645 554 705; x_wconf 88' lang='lat' dir='ltr'>comoedo</span> <span class='ocrx_word' id='word_1_19' title='bbox 575 643 749 702; x_wconf 82' lang='lat' dir='ltr'>acutissime</span> <span class='ocrx_word' id='word_1_20' title='bbox 765 641 907 700; x_wconf 88' lang='lat' dir='ltr'>disseruit</span> <span class='ocrx_word' id='word_1_21' title='bbox 923 650 953 699; x_wconf 91' lang='lat' dir='ltr'>et</span> <span class='ocrx_word' id='word_1_22' title='bbox 965 644 1056 701; x_wconf 87' lang='lat' dir='ltr'>multa</span> <span class='ocrx_word' id='word_1_23' title='bbox 1073 642 1186 701; x_wconf 88' lang='lat' dir='ltr'>adiecit</span> <span class='ocrx_word' id='word_1_24' title='bbox 1205 643 1236 700; x_wconf 92' lang='lat' dir='ltr'>in</span> <span class='ocrx_word' id='word_1_25' title='bbox 1250 658 1324 718; x_wconf 91' lang='lat' dir='ltr'>poe·</span> 
     </span>
     <span class='ocr_line' id='line_1_4' title="bbox 192 727 1323 810; baseline -0.004 -20"><span class='ocrx_word' id='word_1_26' title='bbox 192 740 240 790; x_wconf 86' lang='lat' dir='ltr'>tas</span> <span class='ocrx_word' id='word_1_27' title='bbox 256 731 405 805; x_wconf 81' lang='lat' dir='ltr'>Graecos,</span> <span class='ocrx_word' id='word_1_28' title='bbox 427 731 540 810; x_wconf 82' lang='lat' dir='ltr'>lyricos</span> <span class='ocrx_word' id='word_1_29' title='bbox 565 729 746 807; x_wconf 84' lang='lat' dir='ltr'>praecipue,</span> <span class='ocrx_word' id='word_1_30' title='bbox 768 727 975 785; x_wconf 87' lang='lat' dir='ltr'>coniectanea</span> <span class='ocrx_word' id='word_1_31' title='bbox 1012 727 1112 787; x_wconf 89' lang='lat' dir='ltr'>Verba</span> <span class='ocrx_word' id='word_1_32' title='bbox 1135 729 1252 803; x_wconf 88' lang='lat' dir='ltr'>eiusp</span> <span class='ocrx_word' id='word_1_33' title='bbox 1274 731 1323 787; x_wconf 81' lang='lat'>147</span> 
     </span>
     <span class='ocr_line' id='line_1_5' title="bbox 192 811 1324 891; baseline -0.007 -17"><span class='ocrx_word' id='word_1_34' title='bbox 192 817 271 875; x_wconf 86' lang='lat' dir='ltr'>haec</span> <span class='ocrx_word' id='word_1_35' title='bbox 288 826 402 890; x_wconf 78' lang='lat' dir='ltr'>suntz,</span> <span class='ocrx_word' id='word_1_36' title='bbox 406 817 632 888; x_wconf 87' lang='lat' dir='ltr'>,Servaverunt</span> <span class='ocrx_word' id='word_1_37' title='bbox 653 832 775 870; x_wconf 85' lang='lat' dir='ltr'>carmen</span> <span class='ocrx_word' id='word_1_38' title='bbox 795 811 933 890; x_wconf 85' lang='lat' dir='ltr'>pluribus</span> <span class='ocrx_word' id='word_1_39' title='bbox 949 811 1022 870; x_wconf 91' lang='lat' dir='ltr'>locis</span> <span class='ocrx_word' id='word_1_40' title='bbox 1038 820 1205 891; x_wconf 89' lang='lat' dir='ltr'>corruptum</span> <span class='ocrx_word' id='word_1_41' title='bbox 1220 819 1324 871; x_wconf 82' lang='lat' dir='ltr'>auctor</span> 
     </span>
     <span class='ocr_line' id='line_1_6' title="bbox 190 895 1321 980; baseline -0.006 -19.994"><span class='ocrx_word' id='word_1_42' title='bbox 190 903 237 960; x_wconf 89' lang='lat' dir='ltr'>vit</span> <span class='ocrx_word' id='word_1_43' title='bbox 239 921 276 959; x_wconf 86' lang='lat' dir='ltr'>ae</span> <span class='ocrx_word' id='word_1_44' title='bbox 299 901 437 974; x_wconf 87' lang='lat' dir='ltr'>Homeri,</span> <span class='ocrx_word' id='word_1_45' title='bbox 461 901 513 980; x_wconf 91' lang='lat' dir='ltr'>qui</span> <span class='ocrx_word' id='word_1_46' title='bbox 532 897 680 956; x_wconf 85' lang='lat' dir='ltr'>Herodoti</span> <span class='ocrx_word' id='word_1_47' title='bbox 700 917 810 955; x_wconf 89' lang='lat' dir='ltr'>nomen</span> <span class='ocrx_word' id='word_1_48' title='bbox 835 897 979 954; x_wconf 89' lang='lat' dir='ltr'>mentitus</span> <span class='ocrx_word' id='word_1_49' title='bbox 1001 905 1060 969; x_wconf 88' lang='lat' dir='ltr'>est,</span> <span class='ocrx_word' id='word_1_50' title='bbox 1081 906 1111 956; x_wconf 88' lang='lat' dir='ltr'>et</span> <span class='ocrx_word' id='word_1_51' title='bbox 1099 895 1276 956; x_wconf 82' lang='lat' dir='ltr'>tSuidass.</span> <span class='ocrx_word' id='word_1_52' title='bbox 1292 915 1321 952; x_wconf 89' lang='lat' dir='ltr'>v</span> 
     </span>
     <span class='ocr_line' id='line_1_7' title="bbox 181 947 1323 1080; baseline -0.005 -39"><span class='ocrx_word' id='word_1_53' title='bbox 181 975 363 1062; x_wconf 67' lang='lat' dir='ltr'>‘Opppogp</span> <span class='ocrx_word' id='word_1_54' title='bbox 390 947 456 1047; x_wconf 75' lang='lat' dir='ltr'>uin</span> <span class='ocrx_word' id='word_1_55' title='bbox 477 981 668 1080; x_wconf 83' lang='lat' dir='ltr'>Bernhardy.</span> <span class='ocrx_word' id='word_1_56' title='bbox 698 982 771 1040; x_wconf 84' lang='lat' dir='ltr'>Et</span> <span class='ocrx_word' id='word_1_57' title='bbox 763 1002 794 1039; x_wconf 93' lang='lat' dir='ltr'>1n</span> <span class='ocrx_word' id='word_1_58' title='bbox 815 982 888 1041; x_wconf 86' lang='lat' dir='ltr'>Vita</span> <span class='ocrx_word' id='word_1_59' title='bbox 857 979 1142 1060; x_wconf 79' lang='lat' dir='ltr'>tequidemverba</span> <span class='ocrx_word' id='word_1_60' title='bbox 1159 969 1233 1040; x_wconf 81' lang='grc' dir='ltr'><strong><em>ἆλλολ</em></strong></span> <span class='ocrx_word' id='word_1_61' title='bbox 1255 967 1323 1077; x_wconf 57' lang='grc' dir='ltr'>φέρ’</span> 
     </span>
     <span class='ocr_line' id='line_1_8' title="bbox 193 1061 1326 1149; baseline -0.006 -20.868"><span class='ocrx_word' id='word_1_62' title='bbox 193 1063 271 1145; x_wconf 80' lang='grc' dir='ltr'><strong><em>αἶψα</em></strong></span> <span class='ocrx_word' id='word_1_63' title='bbox 291 1090 388 1149; x_wconf 89' lang='lat' dir='ltr'>usquc</span> <span class='ocrx_word' id='word_1_64' title='bbox 413 1068 453 1127; x_wconf 87' lang='lat' dir='ltr'>ad</span> <span class='ocrx_word' id='word_1_65' title='bbox 475 1061 625 1146; x_wconf 76' lang='grc' dir='ltr'>γυιάτιδος</span> <span class='ocrx_word' id='word_1_66' title='bbox 646 1067 740 1146; x_wconf 89' lang='lat' dir='ltr'>plane</span> <span class='ocrx_word' id='word_1_67' title='bbox 766 1065 985 1125; x_wconf 89' lang='lat' dir='ltr'>desiderantur.</span> <span class='ocrx_word' id='word_1_68' title='bbox 1019 1066 1113 1146; x_wconf 87' lang='lat' dir='ltr'>Apud</span> <span class='ocrx_word' id='word_1_69' title='bbox 1134 1064 1305 1127; x_wconf 84' lang='lat' dir='ltr'>Suidam</span> <span class='ocrx_word' id='word_1_70' title='bbox 1281 1083 1326 1122; x_wconf 92' lang='lat' dir='ltr'>s1c</span> 
     </span>
     <span class='ocr_line' id='line_1_9' title="bbox 195 1154 312 1212; baseline 0 0"><span class='ocrx_word' id='word_1_71' title='bbox 195 1154 259 1212; x_wconf 88' lang='lat' dir='ltr'>edit</span> <span class='ocrx_word' id='word_1_72' title='bbox 247 1163 312 1212; x_wconf 77' lang='lat' dir='ltr'>tzur</span> 
     </span>
    </p>
   </div>
   <div class='ocr_carea' id='block_1_3' title="bbox 360 1240 998 1588">
    <p class='ocr_par' dir='ltr' id='par_1_3' title="bbox 360 1240 972 1586">
     <span class='ocr_line' id='line_1_10' title="bbox 606 1240 878 1330; baseline -0.007 -19.97"><span class='ocrx_word' id='word_1_73' title='bbox 606 1241 695 1312; x_wconf 78' lang='grc' dir='ltr'><strong><em>Ἀλλολ</em></strong></span> <span class='ocrx_word' id='word_1_74' title='bbox 713 1240 779 1330; x_wconf 77' lang='grc' dir='ltr'>φὲρ</span> <span class='ocrx_word' id='word_1_75' title='bbox 800 1245 835 1310; x_wconf 80' lang='grc' dir='ltr'>ολ</span> <span class='ocrx_word' id='word_1_76' title='bbox 859 1272 878 1308; x_wconf 86' lang='grc' dir='ltr'>οι</span> 
     </span>
     <span class='ocr_line' id='line_1_11' title="bbox 401 1326 996 1422; baseline -0.012 -23.712"><span class='ocrx_word' id='word_1_77' title='bbox 401 1335 548 1422; x_wconf 77' lang='grc' dir='ltr'><strong><em>πέρσαι</em></strong></span> <span class='ocrx_word' id='word_1_78' title='bbox 519 1360 560 1398; x_wconf 77' lang='grc' dir='ltr'>ιω</span> <span class='ocrx_word' id='word_1_79' title='bbox 549 1326 761 1407; x_wconf 78' lang='grc' dir='ltr'><strong><em>’Λπόλλωνος</em></strong></span> <span class='ocrx_word' id='word_1_80' title='bbox 776 1329 996 1413; x_wconf 74' lang='grc' dir='ltr'>γυιάτιιλος..</span> 
     </span>
     <span class='ocr_line' id='line_1_12' title="bbox 360 1423 998 1588; baseline -0.002 -23"><span class='ocrx_word' id='word_1_81' title='bbox 360 1423 439 1498; x_wconf 65' lang='grc' dir='ltr'>καί</span> <span class='ocrx_word' id='word_1_82' title='bbox 611 1503 652 1563; x_wconf 85' lang='grc' dir='ltr'>Εἰ</span> <span class='ocrx_word' id='word_1_83' title='bbox 665 1501 719 1582; x_wconf 79' lang='grc' dir='ltr'>μέν</span> <span class='ocrx_word' id='word_1_84' title='bbox 733 1526 761 1563; x_wconf 83' lang='grc' dir='ltr'>τι</span> <span class='ocrx_word' id='word_1_85' title='bbox 779 1496 897 1576; x_wconf 83' lang='grc' dir='ltr'>δωσεις·</span> <span class='ocrx_word' id='word_1_86' title='bbox 915 1526 998 1588; x_wconf 87' lang='lat' dir='ltr'>sqq.</span> 
     </span>
    </p>
   </div>
   <div class='ocr_carea' id='block_1_4' title="bbox 192 1628 1336 2720">
    <p class='ocr_par' dir='ltr' id='par_1_4' title="bbox 192 1628 1336 2720">
     <span class='ocr_line' id='line_1_13' title="bbox 194 1628 1326 1739; baseline -0.002 -37"><span class='ocrx_word' id='word_1_87' title='bbox 194 1641 331 1720; x_wconf 77' lang='lat' dir='ltr'><strong>Vulgata</strong></span> <span class='ocrx_word' id='word_1_88' title='bbox 347 1651 450 1700; x_wconf 88' lang='lat' dir='ltr'>tamen</span> <span class='ocrx_word' id='word_1_89' title='bbox 479 1649 526 1701; x_wconf 88' lang='lat' dir='ltr'>est</span> <span class='ocrx_word' id='word_1_90' title='bbox 546 1661 606 1700; x_wconf 85' lang='grc' dir='ltr'>τιον</span> <span class='ocrx_word' id='word_1_91' title='bbox 623 1628 785 1699; x_wconf 81' lang='grc' dir='ltr'>Ἀπόλλωνι</span> <span class='ocrx_word' id='word_1_92' title='bbox 809 1633 975 1739; x_wconf 79' lang='grc' dir='ltr'>γυιολιιὸος,</span> <span class='ocrx_word' id='word_1_93' title='bbox 1000 1662 1018 1700; x_wconf 88' lang='lat' dir='ltr'>a</span> <span class='ocrx_word' id='word_1_94' title='bbox 1038 1661 1096 1722; x_wconf 87' lang='lat' dir='ltr'>qua</span> <span class='ocrx_word' id='word_1_95' title='bbox 1117 1662 1176 1701; x_wconf 88' lang='lat' dir='ltr'>non</span> <span class='ocrx_word' id='word_1_96' title='bbox 1199 1643 1326 1702; x_wconf 92' lang='lat' dir='ltr'>multum</span> 
     </span>
     <span class='ocr_line' id='line_1_14' title="bbox 193 1715 1324 1806; baseline -0.003 -19"><span class='ocrx_word' id='word_1_97' title='bbox 193 1727 310 1787; x_wconf 84' lang='lat' dir='ltr'>recedit</span> <span class='ocrx_word' id='word_1_98' title='bbox 337 1728 487 1805; x_wconf 86' lang='lat' dir='ltr'>scriptura</span> <span class='ocrx_word' id='word_1_99' title='bbox 514 1725 653 1786; x_wconf 87' lang='lat' dir='ltr'>codicum</span> <span class='ocrx_word' id='word_1_100' title='bbox 678 1723 826 1785; x_wconf 82' lang='lat' dir='ltr'>ABOE:</span> <span class='ocrx_word' id='word_1_101' title='bbox 854 1748 895 1806; x_wconf 80' lang='grc' dir='ltr'>τῳ</span> <span class='ocrx_word' id='word_1_102' title='bbox 913 1715 1096 1798; x_wconf 73' lang='grc' dir='ltr'><strong><em>’Λπόλλωνος</em></strong></span> <span class='ocrx_word' id='word_1_103' title='bbox 1118 1721 1252 1804; x_wconf 76' lang='grc' dir='ltr'>γοᾶτιδος</span> <span class='ocrx_word' id='word_1_104' title='bbox 1278 1727 1324 1806; x_wconf 82' lang='grc' dir='ltr'>(Ε</span> 
     </span>
     <span class='ocr_line' id='line_1_15' title="bbox 192 1805 1326 1890; baseline -0.002 -19"><span class='ocrx_word' id='word_1_105' title='bbox 192 1805 365 1890; x_wconf 76' lang='grc' dir='ltr'>γυιάτιδος)</span> <span class='ocrx_word' id='word_1_106' title='bbox 395 1812 537 1871; x_wconf 83' lang='lat' dir='ltr'>Suboluit</span> <span class='ocrx_word' id='word_1_107' title='bbox 553 1808 720 1870; x_wconf 88' lang='lat' dir='ltr'>editoribus</span> <span class='ocrx_word' id='word_1_108' title='bbox 734 1810 1000 1889; x_wconf 89' lang='lat' dir='ltr'>Apoll1n1sV1cm1</span> <span class='ocrx_word' id='word_1_109' title='bbox 1017 1821 1099 1872; x_wconf 91' lang='lat' dir='ltr'>ment</span> <span class='ocrx_word' id='word_1_110' title='bbox 1100 1814 1196 1872; x_wconf 91' lang='lat' dir='ltr'>ionem</span> <span class='ocrx_word' id='word_1_111' title='bbox 1212 1814 1275 1872; x_wconf 89' lang='lat' dir='ltr'>fact</span> <span class='ocrx_word' id='word_1_112' title='bbox 1263 1823 1326 1872; x_wconf 86' lang='lat' dir='ltr'>tam</span> 
     </span>
     <span class='ocr_line' id='line_1_16' title="bbox 194 1895 1326 1978; baseline -0.002 -23"><span class='ocrx_word' id='word_1_113' title='bbox 194 1918 270 1956; x_wconf 91' lang='lat' dir='ltr'>esse.</span> <span class='ocrx_word' id='word_1_114' title='bbox 292 1898 345 1958; x_wconf 86' lang='lat' dir='ltr'>Sic</span> <span class='ocrx_word' id='word_1_115' title='bbox 360 1895 494 1958; x_wconf 85' lang='lat' dir='ltr'>Suidae</span> <span class='ocrx_word' id='word_1_116' title='bbox 486 1905 636 1974; x_wconf 88' lang='lat' dir='ltr'>mterpres</span> <span class='ocrx_word' id='word_1_117' title='bbox 647 1897 777 1955; x_wconf 89' lang='lat' dir='ltr'>Latinus</span> <span class='ocrx_word' id='word_1_118' title='bbox 788 1905 921 1954; x_wconf 89' lang='lat' dir='ltr'>nontam</span> <span class='ocrx_word' id='word_1_119' title='bbox 932 1897 1027 1956; x_wconf 86' lang='lat' dir='ltr'>verba</span> <span class='ocrx_word' id='word_1_120' title='bbox 1040 1899 1222 1957; x_wconf 84' lang='lat' dir='ltr'>transferens</span> <span class='ocrx_word' id='word_1_121' title='bbox 1234 1917 1326 1978; x_wconf 84' lang='lat' dir='ltr'>quam</span> 
     </span>
     <span class='ocr_line' id='line_1_17' title="bbox 194 1979 1326 2058; baseline 0 -18"><span class='ocrx_word' id='word_1_122' title='bbox 194 1982 367 2041; x_wconf 79' lang='lat' dir='ltr'>sententiae</span> <span class='ocrx_word' id='word_1_123' title='bbox 390 1983 452 2040; x_wconf 87' lang='lat' dir='ltr'>vim</span> <span class='ocrx_word' id='word_1_124' title='bbox 479 1989 510 2040; x_wconf 89' lang='lat' dir='ltr'>ct</span> <span class='ocrx_word' id='word_1_125' title='bbox 498 1981 723 2040; x_wconf 89' lang='lat' dir='ltr'>tintellectum</span> <span class='ocrx_word' id='word_1_126' title='bbox 747 1989 880 2040; x_wconf 82' lang='lat' dir='ltr'>sectatus</span> <span class='ocrx_word' id='word_1_127' title='bbox 904 1979 1004 2040; x_wconf 89' lang='lat' dir='ltr'>dedit:</span> <span class='ocrx_word' id='word_1_128' title='bbox 1033 1981 1112 2058; x_wconf 85' lang='lat' dir='ltr'>Age</span> <span class='ocrx_word' id='word_1_129' title='bbox 1137 2003 1242 2058; x_wconf 86' lang='lat' dir='ltr'>vero,</span> <span class='ocrx_word' id='word_1_130' title='bbox 1267 1984 1326 2041; x_wconf 90' lang='lat' dir='ltr'>fer</span> 
     </span>
     <span class='ocr_line' id='line_1_18' title="bbox 196 2063 1326 2144; baseline 0.002 -20"><span class='ocrx_word' id='word_1_131' title='bbox 196 2067 505 2141; x_wconf 88' lang='lat' dir='ltr'>cito,reveritus</span> <span class='ocrx_word' id='word_1_132' title='bbox 526 2065 757 2143; x_wconf 85' lang='lat' dir='ltr'>Apollinem</span> <span class='ocrx_word' id='word_1_133' title='bbox 772 2063 1038 2144; x_wconf 83' lang='lat' dir='ltr'>Agyiatidem.</span> <span class='ocrx_word' id='word_1_134' title='bbox 1070 2067 1326 2126; x_wconf 89' lang='lat' dir='ltr'>Ineandemsen·</span> 
     </span>
     <span class='ocr_line' id='line_1_19' title="bbox 195 2147 1327 2230; baseline 0.001 -21"><span class='ocrx_word' id='word_1_135' title='bbox 195 2152 322 2210; x_wconf 88' lang='lat' dir='ltr'>tentiam</span> <span class='ocrx_word' id='word_1_136' title='bbox 335 2149 440 2208; x_wconf 85' lang='lat' dir='ltr'>Fried.</span> <span class='ocrx_word' id='word_1_137' title='bbox 454 2149 625 2209; x_wconf 85' lang='lat' dir='ltr'>Frankius:</span> <span class='ocrx_word' id='word_1_138' title='bbox 649 2149 704 2223; x_wconf 83' lang='lat' dir='ltr'>„Si</span> <span class='ocrx_word' id='word_1_139' title='bbox 719 2147 857 2207; x_wconf 86' lang='lat' dir='ltr'>divinare</span> <span class='ocrx_word' id='word_1_140' title='bbox 872 2149 960 2223; x_wconf 90' lang='lat' dir='ltr'>licet,</span> <span class='ocrx_word' id='word_1_141' title='bbox 976 2149 1051 2228; x_wconf 69' lang='lat' dir='ltr'>quid</span> <span class='ocrx_word' id='word_1_142' title='bbox 1067 2159 1156 2227; x_wconf 86' lang='lat' dir='ltr'>poeta</span> <span class='ocrx_word' id='word_1_143' title='bbox 1168 2153 1327 2230; x_wconf 89' lang='lat' dir='ltr'>corruptis-</span> 
     </span>
     <span class='ocr_line' id='line_1_20' title="bbox 196 2233 1327 2311; baseline 0.002 -17"><span class='ocrx_word' id='word_1_144' title='bbox 196 2236 271 2295; x_wconf 91' lang='lat' dir='ltr'>simo</span> <span class='ocrx_word' id='word_1_145' title='bbox 285 2236 343 2294; x_wconf 93' lang='lat' dir='ltr'>hoc</span> <span class='ocrx_word' id='word_1_146' title='bbox 357 2243 449 2293; x_wconf 74' lang='lat' dir='ltr'>versu</span> <span class='ocrx_word' id='word_1_147' title='bbox 464 2233 591 2309; x_wconf 84' lang='lat' dir='ltr'>dixerit,</span> <span class='ocrx_word' id='word_1_148' title='bbox 611 2233 821 2292; x_wconf 87' lang='lat' dir='ltr'>mendicantes</span> <span class='ocrx_word' id='word_1_149' title='bbox 833 2235 921 2311; x_wconf 90' lang='lat' dir='ltr'>pueri</span> <span class='ocrx_word' id='word_1_150' title='bbox 937 2235 1063 2293; x_wconf 89' lang='lat' dir='ltr'>divitem</span> <span class='ocrx_word' id='word_1_151' title='bbox 1079 2235 1162 2294; x_wconf 92' lang='lat' dir='ltr'>illum</span> <span class='ocrx_word' id='word_1_152' title='bbox 1176 2237 1327 2296; x_wconf 89' lang='lat' dir='ltr'>hominem</span> 
     </span>
     <span class='ocr_line' id='line_1_21' title="bbox 195 2318 1328 2398; baseline 0.002 -20"><span class='ocrx_word' id='word_1_153' title='bbox 195 2340 268 2398; x_wconf 90' lang='lat' dir='ltr'>per</span> <span class='ocrx_word' id='word_1_154' title='bbox 290 2318 518 2398; x_wconf 87' lang='lat' dir='ltr'>Apollinem</span> <span class='ocrx_word' id='word_1_155' title='bbox 540 2321 687 2378; x_wconf 89' lang='lat' dir='ltr'>viarum</span> <span class='ocrx_word' id='word_1_156' title='bbox 711 2318 933 2396; x_wconf 89' lang='lat' dir='ltr'>praesidem</span> <span class='ocrx_word' id='word_1_157' title='bbox 958 2319 1100 2380; x_wconf 89' lang='lat' dir='ltr'>obtestati</span> <span class='ocrx_word' id='word_1_158' title='bbox 1121 2321 1275 2397; x_wconf 90' lang='lat' dir='ltr'>videntur,</span> <span class='ocrx_word' id='word_1_159' title='bbox 1294 2331 1328 2380; x_wconf 93' lang='lat' dir='ltr'>ut</span> 
     </span>
     <span class='ocr_line' id='line_1_22' title="bbox 196 2403 1326 2482; baseline 0.003 -18"><span class='ocrx_word' id='word_1_160' title='bbox 196 2405 254 2464; x_wconf 92' lang='lat' dir='ltr'>sibi</span> <span class='ocrx_word' id='word_1_161' title='bbox 277 2404 358 2464; x_wconf 85' lang='lat' dir='ltr'>dona</span> <span class='ocrx_word' id='word_1_162' title='bbox 382 2404 487 2464; x_wconf 84' lang='lat' dir='ltr'>ferret.</span> <span class='ocrx_word' id='word_1_163' title='bbox 497 2406 514 2436; x_wconf 86' lang='lat'><strong>“</strong></span> <span class='ocrx_word' id='word_1_164' title='bbox 542 2404 620 2463; x_wconf 89' lang='lat' dir='ltr'>Mihi</span> <span class='ocrx_word' id='word_1_165' title='bbox 638 2404 742 2482; x_wconf 89' lang='lat' dir='ltr'>paullo</span> <span class='ocrx_word' id='word_1_166' title='bbox 757 2403 846 2463; x_wconf 84' lang='lat' dir='ltr'>aliter</span> <span class='ocrx_word' id='word_1_167' title='bbox 860 2425 909 2464; x_wconf 91' lang='lat' dir='ltr'>res</span> <span class='ocrx_word' id='word_1_168' title='bbox 930 2404 1076 2464; x_wconf 89' lang='lat' dir='ltr'>adornata</span> <span class='ocrx_word' id='word_1_169' title='bbox 1090 2405 1181 2466; x_wconf 81' lang='lat' dir='ltr'>luisse</span> <span class='ocrx_word' id='word_1_170' title='bbox 1195 2407 1326 2468; x_wconf 88' lang='lat' dir='ltr'>videtur.</span> 
     </span>
     <span class='ocr_line' id='line_1_23' title="bbox 196 2488 1336 2570; baseline 0.003 -22"><span class='ocrx_word' id='word_1_171' title='bbox 196 2490 275 2548; x_wconf 88' lang='lat' dir='ltr'>Nam</span> <span class='ocrx_word' id='word_1_172' title='bbox 295 2509 406 2570; x_wconf 89' lang='lat' dir='ltr'>pueros</span> <span class='ocrx_word' id='word_1_173' title='bbox 428 2509 490 2548; x_wconf 92' lang='lat' dir='ltr'>non</span> <span class='ocrx_word' id='word_1_174' title='bbox 513 2489 679 2550; x_wconf 88' lang='lat' dir='ltr'>obtestatos</span> <span class='ocrx_word' id='word_1_175' title='bbox 699 2509 754 2567; x_wconf 91' lang='lat' dir='ltr'>per</span> <span class='ocrx_word' id='word_1_176' title='bbox 768 2488 945 2568; x_wconf 88' lang='lat' dir='ltr'>Apollinem</span> <span class='ocrx_word' id='word_1_177' title='bbox 962 2491 1104 2551; x_wconf 89' lang='lat' dir='ltr'>Vicinum</span> <span class='ocrx_word' id='word_1_178' title='bbox 1118 2501 1203 2570; x_wconf 90' lang='lat' dir='ltr'>puto,</span> <span class='ocrx_word' id='word_1_179' title='bbox 1226 2493 1280 2551; x_wconf 87' lang='lat' dir='ltr'>sed</span> <span class='ocrx_word' id='word_1_180' title='bbox 1294 2489 1336 2551; x_wconf 81' lang='grc' dir='ltr'>ιιλΙ</span> 
     </span>
     <span class='ocr_line' id='line_1_24' title="bbox 196 2574 1328 2654; baseline 0.003 -21"><span class='ocrx_word' id='word_1_181' title='bbox 196 2574 335 2654; x_wconf 91' lang='lat' dir='ltr'>Apollini</span> <span class='ocrx_word' id='word_1_182' title='bbox 349 2575 460 2636; x_wconf 90' lang='lat' dir='ltr'>Vicino</span> <span class='ocrx_word' id='word_1_183' title='bbox 476 2607 516 2617; x_wconf 92' lang='grc'><strong>-</strong></span> <span class='ocrx_word' id='word_1_184' title='bbox 540 2583 585 2650; x_wconf 90' lang='lat' dir='ltr'>et,</span> <span class='ocrx_word' id='word_1_185' title='bbox 607 2575 633 2634; x_wconf 91' lang='lat' dir='ltr'>si</span> <span class='ocrx_word' id='word_1_186' title='bbox 653 2583 736 2633; x_wconf 90' lang='lat' dir='ltr'>recte</span> <span class='ocrx_word' id='word_1_187' title='bbox 754 2575 1067 2649; x_wconf 81' lang='lat' dir='ltr'>coniicio,‘Mercurio</span> <span class='ocrx_word' id='word_1_188' title='bbox 1084 2576 1217 2636; x_wconf 89' lang='lat' dir='ltr'>-dona</span> <span class='ocrx_word' id='word_1_189' title='bbox 1234 2579 1328 2636; x_wconf 90' lang='lat' dir='ltr'>ferret</span> 
     </span>
     <span class='ocr_line' id='line_1_25' title="bbox 197 2659 794 2720; baseline 0 -2"><span class='ocrx_word' id='word_1_190' title='bbox 197 2659 344 2720; x_wconf 91' lang='lat' dir='ltr'>dominus.</span> <span class='ocrx_word' id='word_1_191' title='bbox 378 2660 431 2720; x_wconf 83' lang='lat' dir='ltr'>Sic</span> <span class='ocrx_word' id='word_1_192' title='bbox 447 2661 528 2720; x_wconf 90' lang='lat' dir='ltr'>enim</span> <span class='ocrx_word' id='word_1_193' title='bbox 542 2659 637 2720; x_wconf 85' lang='lat' dir='ltr'>verba</span> <span class='ocrx_word' id='word_1_194' title='bbox 650 2660 794 2720; x_wconf 90' lang='lat' dir='ltr'>restituo·</span> 
     </span>
    </p>
   </div>
   <div class='ocr_carea' id='block_1_5' title="bbox 362 2764 1178 3107">
    <p class='ocr_par' dir='ltr' id='par_1_5' title="bbox 363 2764 1178 3107">
     <span class='ocr_line' id='line_1_26' title="bbox 533 2764 899 2876; baseline 0.005 -44"><span class='ocrx_word' id='word_1_195' title='bbox 533 2847 536 2854; x_wconf 22' lang='grc' dir='ltr'>Ι</span> <span class='ocrx_word' id='word_1_196' title='bbox 610 2764 700 2834; x_wconf 72' lang='grc' dir='ltr'><strong><em>Ἀλλολ</em></strong></span> <span class='ocrx_word' id='word_1_197' title='bbox 714 2768 781 2852; x_wconf 77' lang='grc' dir='ltr'>φὲρ</span> <span class='ocrx_word' id='word_1_198' title='bbox 804 2767 899 2876; x_wconf 78' lang='grc' dir='ltr'>αἶψα,</span> 
     </span>
     <span class='ocr_line' id='line_1_27' title="bbox 362 2848 1178 2960; baseline 0.004 -41.018"><span class='ocrx_word' id='word_1_199' title='bbox 362 2850 472 2938; x_wconf 82' lang='grc' dir='ltr'><em>Ἑρμῆ</em></span> <span class='ocrx_word' id='word_1_200' title='bbox 489 2879 526 2919; x_wconf 78' lang='grc' dir='ltr'>σε</span> <span class='ocrx_word' id='word_1_201' title='bbox 543 2848 759 2920; x_wconf 80' lang='grc' dir='ltr'>κᾶπόλλωνι</span> <span class='ocrx_word' id='word_1_202' title='bbox 782 2861 831 2944; x_wconf 78' lang='lat' dir='ltr'>coi</span> <span class='ocrx_word' id='word_1_203' title='bbox 853 2850 972 2960; x_wconf 74' lang='grc' dir='ltr'>’γοιεῐ</span> <span class='ocrx_word' id='word_1_204' title='bbox 990 2881 1023 2918; x_wconf 83' lang='grc' dir='ltr'>τι</span> <span class='ocrx_word' id='word_1_205' title='bbox 1048 2855 1123 2934; x_wconf 81' lang='grc' dir='ltr'><strong><em>δός·</em></strong></span> <span class='ocrx_word' id='word_1_206' title='bbox 1176 2905 1178 2909; x_wconf 91' lang='grc'>-</span> 
     </span>
     <span class='ocr_line' id='line_1_28' title="bbox 363 2920 1071 3046; baseline 0.001 -42"><span class='ocrx_word' id='word_1_207' title='bbox 363 2944 411 3004; x_wconf 82' lang='grc' dir='ltr'><strong><em>κεί</em></strong></span> <span class='ocrx_word' id='word_1_208' title='bbox 423 2923 477 3042; x_wconf 59' lang='grc' dir='ltr'>μέν</span> <span class='ocrx_word' id='word_1_209' title='bbox 491 2966 519 3003; x_wconf 81' lang='grc' dir='ltr'>τι</span> <span class='ocrx_word' id='word_1_210' title='bbox 535 2939 653 3017; x_wconf 80' lang='grc' dir='ltr'>δώσεις·</span> <span class='ocrx_word' id='word_1_211' title='bbox 672 2945 698 3005; x_wconf 85' lang='grc' dir='ltr'>εἰ</span> <span class='ocrx_word' id='word_1_212' title='bbox 712 2941 743 3004; x_wconf 78' lang='lat' dir='ltr'>di</span> <span class='ocrx_word' id='word_1_213' title='bbox 758 2920 818 3046; x_wconf 82' lang='grc' dir='ltr'>μή,</span> <span class='ocrx_word' id='word_1_214' title='bbox 826 2935 888 3044; x_wconf 79' lang='grc' dir='ltr'>οὐχ</span> <span class='ocrx_word' id='word_1_215' title='bbox 902 2939 1071 3021; x_wconf 79' lang='grc' dir='ltr'><strong><em>ἓστήξομεν</em></strong></span> 
     </span>
     <span class='ocr_line' id='line_1_29' title="bbox 363 3019 993 3107; baseline 0 -19"><span class='ocrx_word' id='word_1_216' title='bbox 363 3050 399 3088; x_wconf 84' lang='grc' dir='ltr'>ου</span> <span class='ocrx_word' id='word_1_217' title='bbox 417 3019 475 3107; x_wconf 81' lang='grc' dir='ltr'><strong><em>γολρ</em></strong></span> <span class='ocrx_word' id='word_1_218' title='bbox 490 3024 714 3106; x_wconf 76' lang='grc' dir='ltr'><strong><em>συνοικήσοντες</em></strong></span> <span class='ocrx_word' id='word_1_219' title='bbox 729 3021 833 3089; x_wconf 77' lang='grc' dir='ltr'><em>ἐνθάδ’</em></span> <span class='ocrx_word' id='word_1_220' title='bbox 852 3025 993 3107; x_wconf 77' lang='grc' dir='ltr'><strong><em>ἤλθομεν.</em></strong></span> 
     </span>
    </p>
   </div>
   <div class='ocr_carea' id='block_1_6' title="bbox 197 3145 1333 4242">
    <p class='ocr_par' dir='ltr' id='par_1_6' title="bbox 197 3145 1333 4242">
     <span class='ocr_line' id='line_1_30' title="bbox 198 3145 1329 3225; baseline 0.005 -22"><span class='ocrx_word' id='word_1_221' title='bbox 198 3145 324 3204; x_wconf 83' lang='lat' dir='ltr'>Transit</span> <span class='ocrx_word' id='word_1_222' title='bbox 341 3153 413 3223; x_wconf 92' lang='lat' dir='ltr'>poet</span> <span class='ocrx_word' id='word_1_223' title='bbox 415 3165 433 3203; x_wconf 85' lang='lat' dir='ltr'>a</span> <span class='ocrx_word' id='word_1_224' title='bbox 447 3147 607 3206; x_wconf 83' lang='lat' dir='ltr'>suaviter&#39;</span> <span class='ocrx_word' id='word_1_225' title='bbox 599 3169 630 3205; x_wconf 91' lang='lat' dir='ltr'>m</span> <span class='ocrx_word' id='word_1_226' title='bbox 644 3147 768 3221; x_wconf 87' lang='lat' dir='ltr'>iambos,</span> <span class='ocrx_word' id='word_1_227' title='bbox 784 3147 837 3206; x_wconf 89' lang='lat' dir='ltr'>ubi</span> <span class='ocrx_word' id='word_1_228' title='bbox 852 3167 962 3225; x_wconf 89' lang='lat' dir='ltr'>pueros</span> <span class='ocrx_word' id='word_1_229' title='bbox 976 3148 1150 3209; x_wconf 87' lang='lat' dir='ltr'>mendicare</span> <span class='ocrx_word' id='word_1_230' title='bbox 1168 3151 1252 3211; x_wconf 84' lang='lat' dir='ltr'>facit.</span> <span class='ocrx_word' id='word_1_231' title='bbox 1284 3151 1329 3212; x_wconf 84' lang='lat' dir='ltr'>Si-</span> 
     </span>
     <span class='ocr_line' id='line_1_31' title="bbox 197 3229 1331 3311; baseline 0.006 -24"><span class='ocrx_word' id='word_1_232' title='bbox 197 3230 309 3288; x_wconf 91' lang='lat' dir='ltr'>militer</span> <span class='ocrx_word' id='word_1_233' title='bbox 321 3230 353 3288; x_wconf 90' lang='lat' dir='ltr'>in</span> <span class='ocrx_word' id='word_1_234' title='bbox 363 3229 551 3289; x_wconf 88' lang='lat' dir='ltr'>Rhodiorum</span> <span class='ocrx_word' id='word_1_235' title='bbox 563 3231 824 3292; x_wconf 76' lang='lat' dir='ltr'>Chelidonismate</span> <span class='ocrx_word' id='word_1_236' title='bbox 838 3233 954 3290; x_wconf 88' lang='lat' dir='ltr'>facturn</span> <span class='ocrx_word' id='word_1_237' title='bbox 963 3231 1227 3311; x_wconf 88' lang='lat' dir='ltr'>deprehendimus.</span> <span class='ocrx_word' id='word_1_238' title='bbox 1250 3235 1331 3294; x_wconf 84' lang='lat' dir='ltr'>M&#39;er-</span> 
     </span>
     <span class='ocr_line' id='line_1_32' title="bbox 199 3311 1330 3395; baseline 0.004 -23"><span class='ocrx_word' id='word_1_239' title='bbox 199 3315 314 3372; x_wconf 89' lang='lat' dir='ltr'>curium</span> <span class='ocrx_word' id='word_1_240' title='bbox 331 3321 432 3373; x_wconf 91' lang='lat' dir='ltr'>autem</span> <span class='ocrx_word' id='word_1_241' title='bbox 454 3316 554 3373; x_wconf 83' lang='lat' dir='ltr'>iunxit</span> <span class='ocrx_word' id='word_1_242' title='bbox 542 3324 646 3374; x_wconf 89' lang='lat' dir='ltr'>tcum</span> <span class='ocrx_word' id='word_1_243' title='bbox 664 3315 811 3393; x_wconf 90' lang='lat' dir='ltr'>Apolline</span> <span class='ocrx_word' id='word_1_244' title='bbox 826 3317 937 3377; x_wconf 91' lang='lat' dir='ltr'>Vicino</span> <span class='ocrx_word' id='word_1_245' title='bbox 954 3325 989 3374; x_wconf 89' lang='lat' dir='ltr'>ut</span> <span class='ocrx_word' id='word_1_246' title='bbox 1006 3311 1145 3395; x_wconf 75' lang='grc' dir='ltr'>Μύχιον,</span> <span class='ocrx_word' id='word_1_247' title='bbox 1161 3313 1330 3378; x_wconf 81' lang='grc' dir='ltr'><strong><em>Πλοοτοδό-</em></strong></span> 
     </span>
     <span class='ocr_line' id='line_1_33' title="bbox 197 3399 1331 3498; baseline 0.006 -43"><span class='ocrx_word' id='word_1_248' title='bbox 197 3419 261 3474; x_wconf 80' lang='grc' dir='ltr'>την,</span> <span class='ocrx_word' id='word_1_249' title='bbox 277 3399 362 3457; x_wconf 91' lang='lat' dir='ltr'>cuius</span> <span class='ocrx_word' id='word_1_250' title='bbox 379 3406 409 3458; x_wconf 90' lang='lat' dir='ltr'>et</span> <span class='ocrx_word' id='word_1_251' title='bbox 423 3400 529 3498; x_wconf 89' lang='lat' dir='ltr'>ipsius</span> <span class='ocrx_word' id='word_1_252' title='bbox 532 3408 652 3458; x_wconf 85' lang='lat' dir='ltr'>statuae</span> <span class='ocrx_word' id='word_1_253' title='bbox 668 3400 830 3459; x_wconf 90' lang='lat' dir='ltr'>solebant&#39;</span> <span class='ocrx_word' id='word_1_254' title='bbox 822 3422 854 3460; x_wconf 89' lang='lat' dir='ltr'>m</span> <span class='ocrx_word' id='word_1_255' title='bbox 868 3401 1021 3460; x_wconf 90' lang='lat' dir='ltr'>vestibulo</span> <span class='ocrx_word' id='word_1_256' title='bbox 1037 3402 1159 3462; x_wconf 88' lang='lat' dir='ltr'>aedium</span> <span class='ocrx_word' id='word_1_257' title='bbox 1179 3405 1331 3464; x_wconf 89' lang='lat' dir='ltr'>collocari</span> 
     </span>
     <span class='ocr_line' id='line_1_34' title="bbox 199 3476 1331 3566; baseline 0.004 -24"><span class='ocrx_word' id='word_1_258' title='bbox 199 3482 392 3562; x_wconf 78' lang='lat' dir='ltr'>Quamquam</span> <span class='ocrx_word' id='word_1_259' title='bbox 416 3476 567 3562; x_wconf 81' lang='grc' dir='ltr'>εἰρεσιωνη</span> <span class='ocrx_word' id='word_1_260' title='bbox 591 3483 730 3562; x_wconf 89' lang='lat' dir='ltr'>Apollini</span> <span class='ocrx_word' id='word_1_261' title='bbox 752 3505 848 3544; x_wconf 86' lang='lat' dir='ltr'>sacra.</span> <span class='ocrx_word' id='word_1_262' title='bbox 882 3483 1045 3544; x_wconf 78' lang='lat' dir='ltr'>Caeterum</span> <span class='ocrx_word' id='word_1_263' title='bbox 1060 3507 1151 3566; x_wconf 89' lang='lat' dir='ltr'>quam</span> <span class='ocrx_word' id='word_1_264' title='bbox 1166 3510 1228 3548; x_wconf 90' lang='lat' dir='ltr'>non</span> <span class='ocrx_word' id='word_1_265' title='bbox 1248 3497 1331 3548; x_wconf 89' lang='lat' dir='ltr'>recte</span> 
     </span>
     <span class='ocr_line' id='line_1_35' title="bbox 197 3562 1331 3650; baseline 0.004 -23"><span class='ocrx_word' id='word_1_266' title='bbox 197 3568 336 3646; x_wconf 85' lang='lat' dir='ltr'>Ilgenius</span> <span class='ocrx_word' id='word_1_267' title='bbox 351 3588 472 3628; x_wconf 88' lang='lat' dir='ltr'>versum</span> <span class='ocrx_word' id='word_1_268' title='bbox 492 3577 560 3647; x_wconf 89' lang='lat' dir='ltr'>sept</span> <span class='ocrx_word' id='word_1_269' title='bbox 563 3571 653 3628; x_wconf 90' lang='lat' dir='ltr'>imum</span> <span class='ocrx_word' id='word_1_270' title='bbox 668 3571 827 3649; x_wconf 88' lang='lat' dir='ltr'>transponi</span> <span class='ocrx_word' id='word_1_271' title='bbox 845 3570 968 3628; x_wconf 88' lang='lat' dir='ltr'>iusserit</span> <span class='ocrx_word' id='word_1_272' title='bbox 981 3578 1050 3648; x_wconf 90' lang='lat' dir='ltr'>post</span> <span class='ocrx_word' id='word_1_273' title='bbox 1038 3571 1162 3630; x_wconf 86' lang='lat' dir='ltr'>tverba</span> <span class='ocrx_word' id='word_1_274' title='bbox 1176 3563 1251 3631; x_wconf 78' lang='grc' dir='ltr'><strong><em>ἆλλιλ</em></strong></span> <span class='ocrx_word' id='word_1_275' title='bbox 1265 3562 1331 3650; x_wconf 80' lang='grc' dir='ltr'><em>φέρ’</em></span> 
     </span>
     <span class='ocr_line' id='line_1_36' title="bbox 197 3644 1331 3735; baseline 0.005 -24.091"><span class='ocrx_word' id='word_1_276' title='bbox 197 3644 310 3730; x_wconf 82' lang='grc' dir='ltr'>αἶψα,</span> <span class='ocrx_word' id='word_1_277' title='bbox 301 3673 363 3712; x_wconf 83' lang='grc' dir='ltr'>ιοιιι</span> <span class='ocrx_word' id='word_1_278' title='bbox 377 3663 484 3733; x_wconf 89' lang='lat' dir='ltr'>sponte</span> <span class='ocrx_word' id='word_1_279' title='bbox 501 3662 597 3733; x_wconf 88' lang='lat' dir='ltr'>patet.</span> <span class='ocrx_word' id='word_1_280' title='bbox 575 3656 617 3712; x_wconf 86' lang='lat' dir='ltr'>t“</span> <span class='ocrx_word' id='word_1_281' title='bbox 645 3655 734 3713; x_wconf 90' lang='lat' dir='ltr'>Haec</span> <span class='ocrx_word' id='word_1_282' title='bbox 747 3653 1025 3730; x_wconf 83' lang='lat' dir='ltr'>Schneidewinus,</span> <span class='ocrx_word' id='word_1_283' title='bbox 1032 3657 1085 3734; x_wconf 92' lang='lat' dir='ltr'>qui</span> <span class='ocrx_word' id='word_1_284' title='bbox 1101 3665 1255 3735; x_wconf 89' lang='lat' dir='ltr'>postrema</span> <span class='ocrx_word' id='word_1_285' title='bbox 1265 3677 1331 3716; x_wconf 87' lang='lat' dir='ltr'>ver-</span> 
     </span>
     <span class='ocr_line' id='line_1_37' title="bbox 198 3737 1333 3819; baseline 0.002 -21"><span class='ocrx_word' id='word_1_286' title='bbox 198 3759 249 3798; x_wconf 91' lang='lat' dir='ltr'>sus</span> <span class='ocrx_word' id='word_1_287' title='bbox 277 3738 372 3797; x_wconf 86' lang='lat' dir='ltr'>verba</span> <span class='ocrx_word' id='word_1_288' title='bbox 395 3739 503 3818; x_wconf 89' lang='lat' dir='ltr'>procul</span> <span class='ocrx_word' id='word_1_289' title='bbox 530 3737 622 3798; x_wconf 91' lang='lat' dir='ltr'>dubio</span> <span class='ocrx_word' id='word_1_290' title='bbox 646 3747 730 3798; x_wconf 89' lang='lat' dir='ltr'>recte</span> <span class='ocrx_word' id='word_1_291' title='bbox 746 3737 934 3812; x_wconf 86' lang='lat' dir='ltr'>emendavit,</span> <span class='ocrx_word' id='word_1_292' title='bbox 909 3746 990 3800; x_wconf 92' lang='lat' dir='ltr'>tet</span> <span class='ocrx_word' id='word_1_293' title='bbox 1010 3748 1148 3819; x_wconf 85' lang='lat' dir='ltr'>apertum</span> <span class='ocrx_word' id='word_1_294' title='bbox 1168 3751 1215 3802; x_wconf 89' lang='lat' dir='ltr'>est</span> <span class='ocrx_word' id='word_1_295' title='bbox 1239 3742 1333 3803; x_wconf 90' lang='lat' dir='ltr'>verba</span> 
     </span>
     <span class='ocr_line' id='line_1_38' title="bbox 198 3822 1333 3903; baseline 0.004 -21"><span class='ocrx_word' id='word_1_296' title='bbox 198 3844 359 3902; x_wconf 90' lang='lat' dir='ltr'>puerorum</span> <span class='ocrx_word' id='word_1_297' title='bbox 375 3824 470 3884; x_wconf 88' lang='lat' dir='ltr'>fuisse</span> <span class='ocrx_word' id='word_1_298' title='bbox 486 3823 648 3898; x_wconf 90' lang='lat' dir='ltr'>eiusmodi,</span> <span class='ocrx_word' id='word_1_299' title='bbox 671 3824 780 3903; x_wconf 90' lang='lat' dir='ltr'>quibus</span> <span class='ocrx_word' id='word_1_300' title='bbox 796 3831 831 3881; x_wconf 90' lang='lat' dir='ltr'>ut</span> <span class='ocrx_word' id='word_1_301' title='bbox 844 3822 997 3902; x_wconf 81' lang='lat' dir='ltr'>Apollini,</span> <span class='ocrx_word' id='word_1_302' title='bbox 1015 3826 1099 3886; x_wconf 90' lang='lat' dir='ltr'>cuius</span> <span class='ocrx_word' id='word_1_303' title='bbox 1114 3829 1236 3888; x_wconf 90' lang='lat' dir='ltr'>nomine</span> <span class='ocrx_word' id='word_1_304' title='bbox 1249 3848 1333 3888; x_wconf 89' lang='lat' dir='ltr'>men-</span> 
     </span>
     <span class='ocr_line' id='line_1_39' title="bbox 199 3906 1332 3984; baseline 0.004 -19"><span class='ocrx_word' id='word_1_305' title='bbox 199 3906 302 3968; x_wconf 85' lang='lat' dir='ltr'>dicant</span> <span class='ocrx_word' id='word_1_306' title='bbox 290 3917 354 3983; x_wconf 90' lang='lat' dir='ltr'>t,ur</span> <span class='ocrx_word' id='word_1_307' title='bbox 371 3908 510 3969; x_wconf 90' lang='lat' dir='ltr'>dominus</span> <span class='ocrx_word' id='word_1_308' title='bbox 526 3907 606 3968; x_wconf 87' lang='lat' dir='ltr'>dona</span> <span class='ocrx_word' id='word_1_309' title='bbox 616 3910 727 3984; x_wconf 88' lang='lat' dir='ltr'>ferret</span> <span class='ocrx_word' id='word_1_310' title='bbox 746 3917 874 3968; x_wconf 88' lang='lat' dir='ltr'>orarent.</span> <span class='ocrx_word' id='word_1_311' title='bbox 906 3909 969 3968; x_wconf 83' lang='lat' dir='ltr'>Sed</span> <span class='ocrx_word' id='word_1_312' title='bbox 982 3911 1063 3970; x_wconf 90' lang='lat' dir='ltr'>male</span> <span class='ocrx_word' id='word_1_313' title='bbox 1076 3931 1131 3970; x_wconf 87' lang='lat' dir='ltr'>nos</span> <span class='ocrx_word' id='word_1_314' title='bbox 1145 3913 1239 3973; x_wconf 86' lang='lat' dir='ltr'>habet</span> <span class='ocrx_word' id='word_1_315' title='bbox 1253 3914 1332 3973; x_wconf 89' lang='lat' dir='ltr'>Mer-</span> 
     </span>
     <span class='ocr_line' id='line_1_40' title="bbox 202 3955 1333 4074; baseline 0.01 -26"><span class='ocrx_word' id='word_1_316' title='bbox 202 3993 277 4050; x_wconf 90' lang='lat' dir='ltr'>curii</span> <span class='ocrx_word' id='word_1_317' title='bbox 290 3955 417 4068; x_wconf 72' lang='lat' dir='ltr'>melitio,</span> <span class='ocrx_word' id='word_1_318' title='bbox 439 4014 519 4074; x_wconf 88' lang='lat' dir='ltr'>quae</span> <span class='ocrx_word' id='word_1_319' title='bbox 542 3993 582 4053; x_wconf 91' lang='lat' dir='ltr'>ad</span> <span class='ocrx_word' id='word_1_320' title='bbox 605 3987 776 4073; x_wconf 83' lang='grc' dir='ltr'>εἰρεσιωνην</span> <span class='ocrx_word' id='word_1_321' title='bbox 797 4001 849 4072; x_wconf 86' lang='lat' dir='ltr'>apt</span> <span class='ocrx_word' id='word_1_322' title='bbox 851 4015 869 4052; x_wconf 87' lang='lat' dir='ltr'>a</span> <span class='ocrx_word' id='word_1_323' title='bbox 887 4004 1024 4056; x_wconf 90' lang='lat' dir='ltr'>nonest</span> <span class='ocrx_word' id='word_1_324' title='bbox 1056 3995 1116 4054; x_wconf 88' lang='lat' dir='ltr'>Pat</span> <span class='ocrx_word' id='word_1_325' title='bbox 1104 4004 1149 4058; x_wconf 87' lang='lat' dir='ltr'>tet</span> <span class='ocrx_word' id='word_1_326' title='bbox 1168 3995 1333 4058; x_wconf 86' lang='lat' dir='ltr'>orationem</span> 
     </span>
     <span class='ocr_line' id='line_1_41' title="bbox 202 4076 1332 4164; baseline 0.009 -32"><span class='ocrx_word' id='word_1_327' title='bbox 202 4076 350 4136; x_wconf 83' lang='lat' dir='ltr'>eiusmodi</span> <span class='ocrx_word' id='word_1_328' title='bbox 370 4099 436 4138; x_wconf 88' lang='lat' dir='ltr'>esse</span> <span class='ocrx_word' id='word_1_329' title='bbox 452 4078 574 4152; x_wconf 87' lang='lat' dir='ltr'>dehere,</span> <span class='ocrx_word' id='word_1_330' title='bbox 590 4079 676 4158; x_wconf 90' lang='lat' dir='ltr'>quali</span> <span class='ocrx_word' id='word_1_331' title='bbox 689 4078 865 4138; x_wconf 90' lang='lat' dir='ltr'>mendicant</span> <span class='ocrx_word' id='word_1_332' title='bbox 853 4087 898 4138; x_wconf 88' lang='lat' dir='ltr'>tes</span> <span class='ocrx_word' id='word_1_333' title='bbox 911 4081 956 4138; x_wconf 91' lang='lat' dir='ltr'>uti</span> <span class='ocrx_word' id='word_1_334' title='bbox 968 4081 1103 4158; x_wconf 75' lang='lat' dir='ltr'>soleant,</span> <span class='ocrx_word' id='word_1_335' title='bbox 1121 4103 1247 4164; x_wconf 91' lang='lat' dir='ltr'>quorum</span> <span class='ocrx_word' id='word_1_336' title='bbox 1262 4105 1332 4144; x_wconf 88' lang='lat' dir='ltr'>can-</span> 
     </span>
     <span class='ocr_line' id='line_1_42' title="bbox 201 4157 1274 4242; baseline 0.014 -27"><span class='ocrx_word' id='word_1_337' title='bbox 201 4157 298 4218; x_wconf 88' lang='lat' dir='ltr'>tilena</span> <span class='ocrx_word' id='word_1_338' title='bbox 317 4163 428 4238; x_wconf 90' lang='lat' dir='ltr'>optime</span> <span class='ocrx_word' id='word_1_339' title='bbox 445 4165 638 4242; x_wconf 82' lang='lat' dir='ltr'>exprimitur,</span> <span class='ocrx_word' id='word_1_340' title='bbox 659 4165 685 4224; x_wconf 92' lang='lat' dir='ltr'>si</span> <span class='ocrx_word' id='word_1_341' title='bbox 702 4183 823 4224; x_wconf 88' lang='lat' dir='ltr'>versum</span> <span class='ocrx_word' id='word_1_342' title='bbox 837 4165 942 4223; x_wconf 90' lang='lat' dir='ltr'>hunc</span> <span class='ocrx_word' id='word_1_343' title='bbox 933 4186 965 4223; x_wconf 92' lang='lat' dir='ltr'>m</span> <span class='ocrx_word' id='word_1_344' title='bbox 978 4165 1100 4225; x_wconf 89' lang='lat' dir='ltr'>modum</span> <span class='ocrx_word' id='word_1_345' title='bbox 1115 4169 1274 4230; x_wconf 90' lang='lat' dir='ltr'>emendes:</span> 
     </span>
    </p>
   </div>
   <div class='ocr_carea' id='block_1_7' title="bbox 367 4254 1156 4344">
    <p class='ocr_par' dir='ltr' id='par_1_7' title="bbox 367 4254 1156 4344">
     <span class='ocr_line' id='line_1_43' title="bbox 367 4254 1156 4344; baseline 0.01 -26"><span class='ocrx_word' id='word_1_346' title='bbox 367 4254 543 4338; x_wconf 81' lang='grc' dir='ltr'>Πόρισόν</span> <span class='ocrx_word' id='word_1_347' title='bbox 565 4285 600 4323; x_wconf 85' lang='grc' dir='ltr'>τι</span> <span class='ocrx_word' id='word_1_348' title='bbox 621 4254 836 4325; x_wconf 72' lang='lat' dir='ltr'>scintillasve</span> <span class='ocrx_word' id='word_1_349' title='bbox 858 4254 1011 4344; x_wconf 74' lang='grc' dir='ltr'><strong><em>κολγοιεῖ</em></strong></span> <span class='ocrx_word' id='word_1_350' title='bbox 1029 4288 1062 4326; x_wconf 83' lang='grc' dir='ltr'>τι</span> <span class='ocrx_word' id='word_1_351' title='bbox 1084 4261 1156 4339; x_wconf 80' lang='grc' dir='ltr'>δός</span> 
     </span>
    </p>
   </div>
   <div class='ocr_carea' id='block_1_8' title="bbox 203 4358 1332 4528">
    <p class='ocr_par' dir='ltr' id='par_1_8' title="bbox 203 4358 1332 4528">
     <span class='ocr_line' id='line_1_44' title="bbox 203 4358 1332 4446; baseline 0.006 -29.161"><span class='ocrx_word' id='word_1_352' title='bbox 203 4358 355 4436; x_wconf 88' lang='lat' dir='ltr'>„Porrige</span> <span class='ocrx_word' id='word_1_353' title='bbox 378 4361 496 4438; x_wconf 87' lang='lat' dir='ltr'>aliquid</span> <span class='ocrx_word' id='word_1_354' title='bbox 515 4362 668 4441; x_wconf 87' lang='lat' dir='ltr'>Apollini,</span> <span class='ocrx_word' id='word_1_355' title='bbox 692 4366 731 4424; x_wconf 88' lang='lat' dir='ltr'>da</span> <span class='ocrx_word' id='word_1_356' title='bbox 752 4367 870 4446; x_wconf 84' lang='lat' dir='ltr'>aliquid</span> <span class='ocrx_word' id='word_1_357' title='bbox 892 4367 1022 4445; x_wconf 85' lang='lat' dir='ltr'>Agyieo.</span> <span class='ocrx_word' id='word_1_358' title='bbox 1027 4371 1043 4400; x_wconf 88' lang='lat'><strong>“</strong></span> <span class='ocrx_word' id='word_1_359' title='bbox 1074 4368 1125 4426; x_wconf 88' lang='lat' dir='ltr'>Ad</span> <span class='ocrx_word' id='word_1_360' title='bbox 1145 4368 1181 4425; x_wconf 91' lang='lat' dir='ltr'>lit</span> <span class='ocrx_word' id='word_1_361' title='bbox 1169 4376 1251 4426; x_wconf 88' lang='lat' dir='ltr'>teras</span> <span class='ocrx_word' id='word_1_362' title='bbox 1264 4385 1332 4443; x_wconf 84' lang='lat' dir='ltr'>pro</span> 
     </span>
     <span class='ocr_line' id='line_1_45' title="bbox 203 4442 1058 4528; baseline 0.009 -25"><span class='ocrx_word' id='word_1_363' title='bbox 203 4447 272 4523; x_wconf 91' lang='lat' dir='ltr'>pius</span> <span class='ocrx_word' id='word_1_364' title='bbox 287 4443 408 4503; x_wconf 87' lang='lat' dir='ltr'>accedit</span> <span class='ocrx_word' id='word_1_365' title='bbox 424 4444 557 4505; x_wconf 89' lang='lat' dir='ltr'>medium</span> <span class='ocrx_word' id='word_1_366' title='bbox 571 4442 707 4525; x_wconf 81' lang='grc' dir='ltr'>πόρισαι,</span> <span class='ocrx_word' id='word_1_367' title='bbox 726 4451 783 4509; x_wconf 87' lang='lat' dir='ltr'>sed</span> <span class='ocrx_word' id='word_1_368' title='bbox 798 4451 931 4510; x_wconf 89' lang='lat' dir='ltr'>activum</span> <span class='ocrx_word' id='word_1_369' title='bbox 949 4453 1058 4528; x_wconf 88' lang='lat' dir='ltr'>aptius.</span> 
     </span>
    </p>
   </div>
   <div class='ocr_carea' id='block_1_9' title="bbox 0 0 1642 5304">
    <p class='ocr_par' dir='ltr' id='par_1_9' title="bbox 0 0 1642 5304">
     <span class='ocr_line' id='line_1_46' title="bbox 0 0 1642 5304; baseline 0 0"><span class='ocrx_word' id='word_1_370' title='bbox 0 0 1642 5304; x_wconf 95' lang='lat' dir='ltr'> </span> 
     </span>
    </p>
   </div>
  </div>
 </body>
</html>
