<?xml version="1.0" encoding="UTF-8"?>
<!DOCTYPE html PUBLIC "-//W3C//DTD XHTML 1.0 Transitional//EN"
    "http://www.w3.org/TR/xhtml1/DTD/xhtml1-transitional.dtd">
<html xmlns="http://www.w3.org/1999/xhtml" xml:lang="en" lang="en">
 <head>
  <title>
</title>
<meta http-equiv="Content-Type" content="text/html;charset=utf-8" />
  <meta name='ocr-system' content='tesseract 3.04.00' />
  <meta name='ocr-capabilities' content='ocr_page ocr_carea ocr_par ocr_line ocrx_word'/>
</head>
<body>
  <div class='ocr_page' id='page_1' title='image "./fbambergeriopus00bambgoog_0169.png"; bbox 0 0 3254 5304; ppageno 0'>
   <div class='ocr_carea' id='block_1_1' title="bbox 290 375 1265 448">
    <p class='ocr_par' dir='ltr' id='par_1_1' title="bbox 290 375 1265 448">
     <span class='ocr_line' id='line_1_1' title="bbox 290 375 1265 448; baseline -0.013 -8"><span class='ocrx_word' id='word_1_1' title='bbox 290 384 350 445; x_wconf 80' lang='lat'><strong>120</strong></span> <span class='ocrx_word' id='word_1_2' title='bbox 458 385 705 437; x_wconf 75' lang='lat' dir='ltr'>Coniectaneorum</span> <span class='ocrx_word' id='word_1_3' title='bbox 726 382 754 434; x_wconf 90' lang='lat' dir='ltr'><strong>in</strong></span> <span class='ocrx_word' id='word_1_4' title='bbox 779 378 907 446; x_wconf 79' lang='lat' dir='ltr'><strong>Aeschyli</strong></span> <span class='ocrx_word' id='word_1_5' title='bbox 923 377 1069 448; x_wconf 79' lang='lat' dir='ltr'>Supplices</span> <span class='ocrx_word' id='word_1_6' title='bbox 1084 394 1149 448; x_wconf 82' lang='lat' dir='ltr'><strong>pars</strong></span> <span class='ocrx_word' id='word_1_7' title='bbox 1169 375 1265 428; x_wconf 81' lang='lat' dir='ltr'><strong>alters.</strong></span> 
     </span>
    </p>
   </div>
   <div class='ocr_carea' id='block_1_2' title="bbox 289 540 1491 971">
    <p class='ocr_par' dir='ltr' id='par_1_2' title="bbox 289 540 1491 971">
     <span class='ocr_line' id='line_1_2' title="bbox 289 540 1491 629; baseline -0.012 -14"><span class='ocrx_word' id='word_1_8' title='bbox 289 556 361 614; x_wconf 91' lang='lat' dir='ltr'><strong>Non</strong></span> <span class='ocrx_word' id='word_1_9' title='bbox 374 562 421 613; x_wconf 89' lang='lat' dir='ltr'><strong>est</strong></span> <span class='ocrx_word' id='word_1_10' title='bbox 437 551 571 623; x_wconf 90' lang='lat' dir='ltr'><strong>dubium,</strong></span> <span class='ocrx_word' id='word_1_11' title='bbox 588 549 661 629; x_wconf 90' lang='lat' dir='ltr'><strong>quin</strong></span> <span class='ocrx_word' id='word_1_12' title='bbox 676 545 851 626; x_wconf 82' lang='lat' dir='ltr'>Aeschylus</span> <span class='ocrx_word' id='word_1_13' title='bbox 865 543 1040 604; x_wconf 80' lang='lat' dir='ltr'><strong>Amazones</strong></span> <span class='ocrx_word' id='word_1_14' title='bbox 1057 544 1232 602; x_wconf 86' lang='lat' dir='ltr'><strong>carnivoras</strong></span> <span class='ocrx_word' id='word_1_15' title='bbox 1247 540 1431 620; x_wconf 85' lang='lat' dir='ltr'><strong>praedicans</strong></span> <span class='ocrx_word' id='word_1_16' title='bbox 1489 567 1491 569; x_wconf 94' lang='lat'>·</span> 
     </span>
     <span class='ocr_line' id='line_1_3' title="bbox 291 618 1431 712; baseline -0.012 -12"><span class='ocrx_word' id='word_1_17' title='bbox 291 643 323 699; x_wconf 91' lang='lat' dir='ltr'><strong>in</strong></span> <span class='ocrx_word' id='word_1_18' title='bbox 338 639 461 699; x_wconf 90' lang='lat' dir='ltr'><strong>nomine</strong></span> <span class='ocrx_word' id='word_1_19' title='bbox 483 656 587 696; x_wconf 86' lang='lat' dir='ltr'><strong>earum</strong></span> <span class='ocrx_word' id='word_1_20' title='bbox 609 631 710 705; x_wconf 87' lang='lat' dir='ltr'><strong>ludat,</strong></span> <span class='ocrx_word' id='word_1_21' title='bbox 732 632 821 712; x_wconf 87' lang='lat' dir='ltr'><strong>quasi</strong></span> <span class='ocrx_word' id='word_1_22' title='bbox 844 649 883 689; x_wconf 85' lang='lat' dir='ltr'><strong>ex</strong></span> <span class='ocrx_word' id='word_1_23' title='bbox 906 649 925 686; x_wconf 97' lang='grc' dir='ltr'><strong><em>α</em></strong></span> <span class='ocrx_word' id='word_1_24' title='bbox 947 630 1102 708; x_wconf 86' lang='lat' dir='ltr'><strong>privativo</strong></span> <span class='ocrx_word' id='word_1_25' title='bbox 1124 637 1155 688; x_wconf 89' lang='lat' dir='ltr'><strong>et</strong></span> <span class='ocrx_word' id='word_1_26' title='bbox 1174 618 1251 703; x_wconf 74' lang='grc' dir='ltr'><strong><em>μάζα</em></strong></span> <span class='ocrx_word' id='word_1_27' title='bbox 1272 628 1431 688; x_wconf 83' lang='lat' dir='ltr'><strong>ortumsit.</strong></span> 
     </span>
     <span class='ocr_line' id='line_1_4' title="bbox 292 710 1431 792; baseline -0.013 -8"><span class='ocrx_word' id='word_1_28' title='bbox 292 723 433 786; x_wconf 85' lang='lat' dir='ltr'><strong>Similis</strong></span> <span class='ocrx_word' id='word_1_29' title='bbox 424 744 456 781; x_wconf 85' lang='grc' dir='ltr'><strong>ιιι</strong></span> <span class='ocrx_word' id='word_1_30' title='bbox 472 722 530 779; x_wconf 86' lang='lat' dir='ltr'><strong>hac</strong></span> <span class='ocrx_word' id='word_1_31' title='bbox 546 717 652 778; x_wconf 89' lang='lat' dir='ltr'><strong>fabula</strong></span> <span class='ocrx_word' id='word_1_32' title='bbox 668 724 715 775; x_wconf 88' lang='lat' dir='ltr'><strong>est</strong></span> <span class='ocrx_word' id='word_1_33' title='bbox 731 716 816 775; x_wconf 88' lang='lat' dir='ltr'><strong>lusus</strong></span> <span class='ocrx_word' id='word_1_34' title='bbox 830 716 914 776; x_wconf 86' lang='lat' dir='ltr'><strong>vocis</strong></span> <span class='ocrx_word' id='word_1_35' title='bbox 929 717 1057 774; x_wconf 86' lang='lat' dir='ltr'><strong>Danaus</strong></span> <span class='ocrx_word' id='word_1_36' title='bbox 1074 733 1105 774; x_wconf 85' lang='lat' dir='ltr'><strong>v.</strong></span> <span class='ocrx_word' id='word_1_37' title='bbox 1121 724 1180 786; x_wconf 82' lang='lat'><strong>315,</strong></span> <span class='ocrx_word' id='word_1_38' title='bbox 1199 713 1287 792; x_wconf 87' lang='lat' dir='ltr'><strong>quasi</strong></span> <span class='ocrx_word' id='word_1_39' title='bbox 1301 733 1341 770; x_wconf 80' lang='lat' dir='ltr'><strong>ex</strong></span> <span class='ocrx_word' id='word_1_40' title='bbox 1358 710 1431 787; x_wconf 81' lang='grc' dir='ltr'><strong><em>δαῆ-</em></strong></span> 
     </span>
     <span class='ocr_line' id='line_1_5' title="bbox 289 797 1456 900; baseline -0.009 -34"><span class='ocrx_word' id='word_1_41' title='bbox 289 830 349 881; x_wconf 90' lang='grc' dir='ltr'><strong><em>ναι,</em></strong></span> <span class='ocrx_word' id='word_1_42' title='bbox 366 816 396 868; x_wconf 89' lang='lat' dir='ltr'><strong>et</strong></span> <span class='ocrx_word' id='word_1_43' title='bbox 407 807 492 867; x_wconf 85' lang='lat' dir='ltr'><strong>vocis</strong></span> <span class='ocrx_word' id='word_1_44' title='bbox 506 802 612 882; x_wconf 82' lang='grc' dir='ltr'><strong><em>πρῶρα</em></strong></span> <span class='ocrx_word' id='word_1_45' title='bbox 627 822 657 860; x_wconf 87' lang='lat' dir='ltr'><strong>v.</strong></span> <span class='ocrx_word' id='word_1_46' title='bbox 667 809 727 875; x_wconf 81' lang='lat'><strong>697,</strong></span> <span class='ocrx_word' id='word_1_47' title='bbox 740 802 828 881; x_wconf 81' lang='lat' dir='ltr'><strong>quasi</strong></span> <span class='ocrx_word' id='word_1_48' title='bbox 844 820 883 860; x_wconf 84' lang='lat' dir='ltr'><strong>cx</strong></span> <span class='ocrx_word' id='word_1_49' title='bbox 882 798 1029 900; x_wconf 54' lang='lat' dir='ltr'><strong>:apoopdv</strong></span> <span class='ocrx_word' id='word_1_50' title='bbox 1044 808 1139 859; x_wconf 87' lang='lat' dir='ltr'><strong>ortae.</strong></span> <span class='ocrx_word' id='word_1_51' title='bbox 1169 797 1335 876; x_wconf 76' lang='lat' dir='ltr'><strong>Corrigunt</strong></span> <span class='ocrx_word' id='word_1_52' title='bbox 1346 816 1430 876; x_wconf 89' lang='grc' dir='ltr'><strong><em>κρεο-</em></strong></span> <span class='ocrx_word' id='word_1_53' title='bbox 1452 875 1456 886; x_wconf 33' lang='lat'><strong><em>¹</em></strong></span> 
     </span>
     <span class='ocr_line' id='line_1_6' title="bbox 290 881 1065 971; baseline -0.01 -20"><span class='ocrx_word' id='word_1_54' title='bbox 290 884 395 971; x_wconf 86' lang='grc' dir='ltr'><strong><em>βότονς</em></strong></span> <span class='ocrx_word' id='word_1_55' title='bbox 409 881 503 967; x_wconf 83' lang='grc' dir='ltr'><strong>Ἀμώζ</strong></span> <span class='ocrx_word' id='word_1_56' title='bbox 501 908 581 958; x_wconf 90' lang='grc' dir='ltr'><strong><em>ονας.</em></strong></span> <span class='ocrx_word' id='word_1_57' title='bbox 613 886 700 946; x_wconf 81' lang='lat' dir='ltr'><strong>Aut</strong></span> <span class='ocrx_word' id='word_1_58' title='bbox 691 894 736 944; x_wconf 76' lang='lat' dir='ltr'><strong>ita</strong></span> <span class='ocrx_word' id='word_1_59' title='bbox 753 896 808 945; x_wconf 87' lang='lat' dir='ltr'><strong>aut</strong></span> <span class='ocrx_word' id='word_1_60' title='bbox 822 887 891 966; x_wconf 86' lang='lat' dir='ltr'><strong>pari</strong></span> <span class='ocrx_word' id='word_1_61' title='bbox 913 885 1065 944; x_wconf 75' lang='lat' dir='ltr'><strong>facilitate</strong></span> 
     </span>
    </p>
   </div>
   <div class='ocr_carea' id='block_1_3' title="bbox 294 976 841 1155">
    <p class='ocr_par' dir='ltr' id='par_1_3' title="bbox 294 976 841 1155">
     <span class='ocr_line' id='line_1_7' title="bbox 417 976 841 1069; baseline -0.014 -20"><span class='ocrx_word' id='word_1_62' title='bbox 417 981 650 1069; x_wconf 81' lang='grc' dir='ltr'><strong><em>κρεοβόρους</em></strong></span> <span class='ocrx_word' id='word_1_63' title='bbox 675 976 770 1064; x_wconf 76' lang='grc' dir='ltr'><strong>Ἀμόζ</strong></span> <span class='ocrx_word' id='word_1_64' title='bbox 769 1006 841 1058; x_wconf 92' lang='grc' dir='ltr'><strong><em>ονας</em></strong></span> 
     </span>
     <span class='ocr_line' id='line_1_8' title="bbox 294 1093 610 1155; baseline -0.016 0"><span class='ocrx_word' id='word_1_65' title='bbox 294 1093 495 1155; x_wconf 89' lang='lat' dir='ltr'><strong>scribendum.</strong></span> <span class='ocrx_word' id='word_1_66' title='bbox 597 1111 610 1134; x_wconf 68' lang='lat'><strong>⁶·</strong></span> 
     </span>
    </p>
   </div>
   <div class='ocr_carea' id='block_1_4' title="bbox 359 1197 980 1334">
    <p class='ocr_par' dir='ltr' id='par_1_4' title="bbox 359 1197 980 1334">
     <span class='ocr_line' id='line_1_9' title="bbox 359 1197 980 1334; baseline -0.006 1"><span class='ocrx_word' id='word_1_67' title='bbox 359 1197 412 1257; x_wconf 45' lang='grc' dir='ltr'><strong>νβ’</strong></span> <span class='ocrx_word' id='word_1_68' title='bbox 427 1204 479 1260; x_wconf 56' lang='lat'><strong>2⁹2</strong></span> <span class='ocrx_word' id='word_1_69' title='bbox 496 1214 565 1274; x_wconf 48' lang='grc' dir='ltr'><strong>Μ’</strong></span> <span class='ocrx_word' id='word_1_70' title='bbox 749 1274 980 1334; x_wconf 64' lang='lat' dir='ltr'><strong>eumaeus.</strong></span> 
     </span>
    </p>
   </div>
   <div class='ocr_carea' id='block_1_5' title="bbox 500 1350 1239 1814">
    <p class='ocr_par' dir='ltr' id='par_1_5' title="bbox 500 1350 1239 1812">
     <span class='ocr_line' id='line_1_10' title="bbox 500 1350 1178 1439; baseline -0.009 -18"><span class='ocrx_word' id='word_1_71' title='bbox 500 1350 559 1436; x_wconf 78' lang='grc' dir='ltr'><strong>Μὴ</strong></span> <span class='ocrx_word' id='word_1_72' title='bbox 577 1357 628 1420; x_wconf 80' lang='grc' dir='ltr'><strong>καὶ</strong></span> <span class='ocrx_word' id='word_1_73' title='bbox 642 1352 729 1439; x_wconf 81' lang='grc' dir='ltr'><strong><em>λόγος</em></strong></span> <span class='ocrx_word' id='word_1_74' title='bbox 743 1381 787 1430; x_wconf 88' lang='grc' dir='ltr'><strong>τις</strong></span> <span class='ocrx_word' id='word_1_75' title='bbox 803 1359 886 1435; x_wconf 80' lang='grc' dir='ltr'><strong><em>Ζῆνα</em></strong></span> <span class='ocrx_word' id='word_1_76' title='bbox 899 1358 1046 1436; x_wconf 78' lang='grc' dir='ltr'><strong><em>μιχθῆναι</em></strong></span> <span class='ocrx_word' id='word_1_77' title='bbox 1061 1357 1178 1439; x_wconf 72' lang='grc' dir='ltr'><strong><em>βροτῷς</em></strong></span> 
     </span>
     <span class='ocr_line' id='line_1_11' title="bbox 791 1461 939 1520; baseline -0.007 -1"><span class='ocrx_word' id='word_1_78' title='bbox 791 1461 939 1520; x_wconf 86' lang='grc' dir='ltr'><em>ΧΟΡΟΣ.</em></span> 
     </span>
     <span class='ocr_line' id='line_1_12' title="bbox 504 1533 1239 1625; baseline -0.01 -18"><span class='ocrx_word' id='word_1_79' title='bbox 504 1542 564 1607; x_wconf 80' lang='grc' dir='ltr'><strong><em>Καὶ</em></strong></span> <span class='ocrx_word' id='word_1_80' title='bbox 582 1535 699 1624; x_wconf 79' lang='grc' dir='ltr'><strong><em>κρνιττοὶ</em></strong></span> <span class='ocrx_word' id='word_1_81' title='bbox 713 1533 743 1625; x_wconf 90' lang='grc' dir='ltr'><strong>γ’</strong></span> <span class='ocrx_word' id='word_1_82' title='bbox 758 1538 858 1624; x_wconf 85' lang='grc' dir='ltr'><strong><em>Ἥρας</em></strong></span> <span class='ocrx_word' id='word_1_83' title='bbox 872 1545 965 1605; x_wconf 81' lang='grc' dir='ltr'><strong><em>ταῦτα</em></strong></span> <span class='ocrx_word' id='word_1_84' title='bbox 983 1542 999 1584; x_wconf 82' lang='lat'>*</span> <span class='ocrx_word' id='word_1_85' title='bbox 1015 1534 1239 1623; x_wconf 82' lang='grc' dir='ltr'><strong><em>τταλλαγμώτων.</em></strong></span> 
     </span>
     <span class='ocr_line' id='line_1_13' title="bbox 750 1649 979 1708; baseline -0.009 0"><span class='ocrx_word' id='word_1_86' title='bbox 750 1649 979 1708; x_wconf 73' lang='grc' dir='ltr'><em>ΒΑΣΙΛΕΥΣ.</em></span> 
     </span>
     <span class='ocr_line' id='line_1_14' title="bbox 506 1714 1150 1814; baseline -0.005 -24"><span class='ocrx_word' id='word_1_87' title='bbox 506 1732 579 1802; x_wconf 78' lang='grc' dir='ltr'><strong><em>Πῶς</em></strong></span> <span class='ocrx_word' id='word_1_88' title='bbox 595 1714 650 1790; x_wconf 79' lang='grc' dir='ltr'><strong><em>οὖν</em></strong></span> <span class='ocrx_word' id='word_1_89' title='bbox 669 1733 790 1814; x_wconf 82' lang='grc' dir='ltr'><strong><em>τελευτᾷ</em></strong></span> <span class='ocrx_word' id='word_1_90' title='bbox 803 1729 948 1812; x_wconf 77' lang='grc' dir='ltr'><strong><em>βασιλέοιν</em></strong></span> <span class='ocrx_word' id='word_1_91' title='bbox 966 1729 1050 1806; x_wconf 84' lang='grc' dir='ltr'><strong><em>νείκη</em></strong></span> <span class='ocrx_word' id='word_1_92' title='bbox 1065 1720 1150 1801; x_wconf 72' lang='grc' dir='ltr'><strong><em>πόδες</em></strong></span> 
     </span>
    </p>
   </div>
   <div class='ocr_carea' id='block_1_6' title="bbox 293 1830 1434 2729">
    <p class='ocr_par' dir='ltr' id='par_1_6' title="bbox 293 1830 1434 2440">
     <span class='ocr_line' id='line_1_15' title="bbox 293 1830 1432 1909; baseline -0.007 -13"><span class='ocrx_word' id='word_1_93' title='bbox 293 1837 437 1897; x_wconf 83' lang='lat' dir='ltr'><strong>Editores</strong></span> <span class='ocrx_word' id='word_1_94' title='bbox 449 1835 557 1893; x_wconf 86' lang='lat' dir='ltr'><strong>inscite</strong></span> <span class='ocrx_word' id='word_1_95' title='bbox 569 1852 659 1892; x_wconf 89' lang='lat' dir='ltr'><strong>versu</strong></span> <span class='ocrx_word' id='word_1_96' title='bbox 675 1835 772 1896; x_wconf 87' lang='lat' dir='ltr'><strong>altero</strong></span> <span class='ocrx_word' id='word_1_97' title='bbox 788 1845 827 1895; x_wconf 78' lang='lat' dir='ltr'><strong>e’n</strong></span> <span class='ocrx_word' id='word_1_98' title='bbox 838 1834 984 1895; x_wconf 86' lang='lat' dir='ltr'><strong>Turnebo</strong></span> <span class='ocrx_word' id='word_1_99' title='bbox 999 1831 1092 1892; x_wconf 79' lang='grc' dir='ltr'><strong><em>ταῦτα</em></strong></span> <span class='ocrx_word' id='word_1_100' title='bbox 1107 1830 1177 1889; x_wconf 79' lang='grc' dir='ltr'><strong><em>τῶν</em></strong></span> <span class='ocrx_word' id='word_1_101' title='bbox 1194 1852 1222 1890; x_wconf 84' lang='grc' dir='ltr'><strong>τι.</strong></span> <span class='ocrx_word' id='word_1_102' title='bbox 1239 1837 1432 1909; x_wconf 87' lang='lat' dir='ltr'><strong>receperunt,</strong></span> 
     </span>
     <span class='ocr_line' id='line_1_16' title="bbox 294 1916 1434 2002; baseline -0.007 -21"><span class='ocrx_word' id='word_1_103' title='bbox 294 1921 377 2002; x_wconf 92' lang='lat' dir='ltr'><strong>quod</strong></span> <span class='ocrx_word' id='word_1_104' title='bbox 392 1920 504 1979; x_wconf 89' lang='lat' dir='ltr'><strong>falsum</strong></span> <span class='ocrx_word' id='word_1_105' title='bbox 518 1937 586 1977; x_wconf 92' lang='lat' dir='ltr'><strong>esse</strong></span> <span class='ocrx_word' id='word_1_106' title='bbox 600 1919 674 1976; x_wconf 85' lang='lat' dir='ltr'><strong>satis</strong></span> <span class='ocrx_word' id='word_1_107' title='bbox 689 1931 825 1997; x_wconf 76' lang='lat' dir='ltr'><strong>apparet.</strong></span> <span class='ocrx_word' id='word_1_108' title='bbox 858 1921 959 1980; x_wconf 89' lang='lat' dir='ltr'><strong>Versu</strong></span> <span class='ocrx_word' id='word_1_109' title='bbox 969 1939 1015 1998; x_wconf 94' lang='lat' dir='ltr'><strong>sq.</strong></span> <span class='ocrx_word' id='word_1_110' title='bbox 1031 1938 1086 1977; x_wconf 86' lang='lat' dir='ltr'><strong>rex</strong></span> <span class='ocrx_word' id='word_1_111' title='bbox 1104 1916 1237 1976; x_wconf 81' lang='lat' dir='ltr'><strong>delita</strong></span> <span class='ocrx_word' id='word_1_112' title='bbox 1229 1926 1308 1976; x_wconf 78' lang='lat' dir='ltr'><strong>inter</strong></span> <span class='ocrx_word' id='word_1_113' title='bbox 1326 1917 1434 1974; x_wconf 89' lang='lat' dir='ltr'><strong>Iovem</strong></span> 
     </span>
     <span class='ocr_line' id='line_1_17' title="bbox 295 2000 1433 2082; baseline -0.005 -16"><span class='ocrx_word' id='word_1_114' title='bbox 295 2017 326 2066; x_wconf 91' lang='lat' dir='ltr'><strong>et</strong></span> <span class='ocrx_word' id='word_1_115' title='bbox 345 2008 495 2065; x_wconf 91' lang='lat' dir='ltr'><strong>Iunonem</strong></span> <span class='ocrx_word' id='word_1_116' title='bbox 523 2010 589 2062; x_wconf 86' lang='lat' dir='ltr'><strong>orta</strong></span> <span class='ocrx_word' id='word_1_117' title='bbox 613 2002 657 2060; x_wconf 84' lang='lat' dir='ltr'><strong>ita</strong></span> <span class='ocrx_word' id='word_1_118' title='bbox 671 2003 817 2082; x_wconf 90' lang='lat' dir='ltr'><strong>loquitur,</strong></span> <span class='ocrx_word' id='word_1_119' title='bbox 839 2014 873 2065; x_wconf 93' lang='lat' dir='ltr'><strong>ut</strong></span> <span class='ocrx_word' id='word_1_120' title='bbox 890 2007 955 2065; x_wconf 91' lang='lat' dir='ltr'><strong>eius</strong></span> <span class='ocrx_word' id='word_1_121' title='bbox 977 2004 1023 2063; x_wconf 89' lang='lat' dir='ltr'><strong>rei</strong></span> <span class='ocrx_word' id='word_1_122' title='bbox 1038 2003 1223 2062; x_wconf 81' lang='lat' dir='ltr'><strong>mentionem</strong></span> <span class='ocrx_word' id='word_1_123' title='bbox 1238 2023 1257 2060; x_wconf 90' lang='lat' dir='ltr'><strong>a</strong></span> <span class='ocrx_word' id='word_1_124' title='bbox 1272 2000 1397 2061; x_wconf 82' lang='lat' dir='ltr'><strong>Choro</strong></span> <span class='ocrx_word' id='word_1_125' title='bbox 1389 2022 1433 2060; x_wconf 82' lang='lat' dir='ltr'><strong>rn-</strong></span> 
     </span>
     <span class='ocr_line' id='line_1_18' title="bbox 294 2085 1434 2168; baseline -0.004 -18"><span class='ocrx_word' id='word_1_126' title='bbox 294 2093 406 2150; x_wconf 84' lang='lat' dir='ltr'><strong>iectem</strong></span> <span class='ocrx_word' id='word_1_127' title='bbox 427 2090 521 2148; x_wconf 89' lang='lat' dir='ltr'><strong>fuisse</strong></span> <span class='ocrx_word' id='word_1_128' title='bbox 543 2085 704 2167; x_wconf 79' lang='lat' dir='ltr'><strong>probabile</strong></span> <span class='ocrx_word' id='word_1_129' title='bbox 724 2089 773 2149; x_wconf 91' lang='lat' dir='ltr'><strong>sit.</strong></span> <span class='ocrx_word' id='word_1_130' title='bbox 811 2089 926 2150; x_wconf 86' lang='lat' dir='ltr'>Versus</span> <span class='ocrx_word' id='word_1_131' title='bbox 947 2090 1040 2168; x_wconf 86' lang='lat' dir='ltr'><strong>igitur</strong></span> <span class='ocrx_word' id='word_1_132' title='bbox 1066 2088 1148 2147; x_wconf 91' lang='lat' dir='ltr'><strong>hunc</strong></span> <span class='ocrx_word' id='word_1_133' title='bbox 1169 2087 1263 2146; x_wconf 84' lang='lat' dir='ltr'><strong>fere</strong></span> <span class='ocrx_word' id='word_1_134' title='bbox 1255 2108 1287 2146; x_wconf 88' lang='grc' dir='ltr'><strong>ιιι</strong></span> <span class='ocrx_word' id='word_1_135' title='bbox 1312 2085 1434 2147; x_wconf 89' lang='lat' dir='ltr'><strong>modum</strong></span> 
     </span>
     <span class='ocr_line' id='line_1_19' title="bbox 294 2171 628 2236; baseline -0.03 0"><span class='ocrx_word' id='word_1_136' title='bbox 294 2173 474 2236; x_wconf 89' lang='lat' dir='ltr'><strong>scribendus</strong></span> <span class='ocrx_word' id='word_1_137' title='bbox 493 2171 628 2232; x_wconf 91' lang='lat' dir='ltr'><strong>videtur:</strong></span> 
     </span>
     <span class='ocr_line' id='line_1_20' title="bbox 424 2259 1268 2352; baseline -0.005 -18"><span class='ocrx_word' id='word_1_138' title='bbox 424 2265 500 2334; x_wconf 79' lang='grc' dir='ltr'><strong>Κοῦ</strong></span> <span class='ocrx_word' id='word_1_139' title='bbox 521 2264 639 2352; x_wconf 82' lang='grc' dir='ltr'><strong><em>κρνιττοὶ</em></strong></span> <span class='ocrx_word' id='word_1_140' title='bbox 655 2262 685 2350; x_wconf 90' lang='grc' dir='ltr'><strong>γ’</strong></span> <span class='ocrx_word' id='word_1_141' title='bbox 700 2263 798 2350; x_wconf 82' lang='grc' dir='ltr'><strong><em>Ἥρας</em></strong></span> <span class='ocrx_word' id='word_1_142' title='bbox 817 2259 929 2331; x_wconf 77' lang='grc' dir='ltr'><strong><em>τῶνδ’</em></strong></span> <span class='ocrx_word' id='word_1_143' title='bbox 952 2262 1021 2349; x_wconf 68' lang='lat' dir='ltr'><strong>dixu</strong></span> <span class='ocrx_word' id='word_1_144' title='bbox 1042 2265 1268 2351; x_wconf 82' lang='grc' dir='ltr'><strong><em>νταλλαγμώτοιν.</em></strong></span> 
     </span>
     <span class='ocr_line' id='line_1_21' title="bbox 362 2362 566 2440; baseline -0.01 -18"><span class='ocrx_word' id='word_1_145' title='bbox 362 2362 415 2422; x_wconf 92' lang='lat' dir='ltr'><strong>Vs.</strong></span> <span class='ocrx_word' id='word_1_146' title='bbox 433 2369 485 2424; x_wconf 85' lang='lat'><strong>360</strong></span> <span class='ocrx_word' id='word_1_147' title='bbox 499 2380 566 2440; x_wconf 91' lang='lat' dir='ltr'>sqq.</span> 
     </span>
    </p>

    <p class='ocr_par' dir='ltr' id='par_1_7' title="bbox 506 2448 1058 2556">
     <span class='ocr_line' id='line_1_22' title="bbox 506 2448 1058 2556; baseline -0.009 -36"><span class='ocrx_word' id='word_1_148' title='bbox 506 2451 597 2520; x_wconf 86' lang='grc' dir='ltr'><strong><em>Ουτοι</em></strong></span> <span class='ocrx_word' id='word_1_149' title='bbox 612 2448 755 2555; x_wconf 77' lang='grc' dir='ltr'><strong><em>καθησθε</em></strong></span> <span class='ocrx_word' id='word_1_150' title='bbox 764 2448 917 2556; x_wconf 76' lang='grc' dir='ltr'><strong><em>δωμάτων</em></strong></span> <span class='ocrx_word' id='word_1_151' title='bbox 930 2453 1058 2533; x_wconf 75' lang='grc' dir='ltr'><strong><em>ἐφέστιοι</em></strong></span> 
     </span>
    </p>

    <p class='ocr_par' dir='ltr' id='par_1_8' title="bbox 507 2531 1159 2641">
     <span class='ocr_line' id='line_1_23' title="bbox 507 2531 1159 2641; baseline -0.006 -36.975"><span class='ocrx_word' id='word_1_152' title='bbox 507 2533 614 2622; x_wconf 81' lang='grc' dir='ltr'><strong><em>Ἐμών.</em></strong></span> <span class='ocrx_word' id='word_1_153' title='bbox 640 2532 793 2602; x_wconf 80' lang='grc' dir='ltr'><strong><em>τὸκοινόν</em></strong></span> <span class='ocrx_word' id='word_1_154' title='bbox 811 2531 838 2602; x_wconf 83' lang='lat' dir='ltr'><strong>d&#39;</strong></span> <span class='ocrx_word' id='word_1_155' title='bbox 857 2541 885 2602; x_wconf 87' lang='grc' dir='ltr'><strong><em>εἰ</em></strong></span> <span class='ocrx_word' id='word_1_156' title='bbox 896 2543 1044 2641; x_wconf 80' lang='grc' dir='ltr'><strong><em>μιαίνεται</em></strong></span> <span class='ocrx_word' id='word_1_157' title='bbox 1059 2533 1159 2617; x_wconf 85' lang='grc' dir='ltr'><strong><em>πόλις,</em></strong></span> 
     </span>
    </p>

    <p class='ocr_par' dir='ltr' id='par_1_9' title="bbox 505 2617 1062 2729">
     <span class='ocr_line' id='line_1_24' title="bbox 505 2617 1062 2729; baseline -0.006 -40.844"><span class='ocrx_word' id='word_1_158' title='bbox 505 2626 626 2729; x_wconf 52' lang='grc' dir='ltr'><strong><em>μ’,ννγ</em></strong></span> <span class='ocrx_word' id='word_1_159' title='bbox 578 2625 740 2726; x_wconf 78' lang='grc' dir='ltr'><strong><em>μελέσθω</em></strong></span> <span class='ocrx_word' id='word_1_160' title='bbox 753 2617 822 2700; x_wconf 82' lang='grc' dir='ltr'><strong><em>λαός</em></strong></span> <span class='ocrx_word' id='word_1_161' title='bbox 838 2617 1011 2687; x_wconf 74' lang='grc' dir='ltr'><strong><em>ἒκκονεῖν’</em></strong></span> <span class='ocrx_word' id='word_1_162' title='bbox 992 2647 1062 2702; x_wconf 69' lang='lat' dir='ltr'><strong>cau.</strong></span> 
     </span>
    </p>
   </div>
   <div class='ocr_carea' id='block_1_7' title="bbox 504 2701 1203 2874">
    <p class='ocr_par' dir='ltr' id='par_1_10' title="bbox 504 2701 1203 2874">
     <span class='ocr_line' id='line_1_25' title="bbox 504 2701 1203 2811; baseline -0.006 -38.965"><span class='ocrx_word' id='word_1_163' title='bbox 504 2703 583 2811; x_wconf 86' lang='grc' dir='ltr'><strong>Εγω</strong></span> <span class='ocrx_word' id='word_1_164' title='bbox 598 2701 665 2771; x_wconf 88' lang='lat' dir='ltr'><strong>d</strong></span> <span class='ocrx_word' id='word_1_165' title='bbox 644 2734 683 2770; x_wconf 93' lang='grc' dir='ltr'><strong>αν</strong></span> <span class='ocrx_word' id='word_1_166' title='bbox 701 2701 736 2771; x_wconf 79' lang='grc' dir='ltr'><strong>οὗ</strong></span> <span class='ocrx_word' id='word_1_167' title='bbox 752 2701 902 2790; x_wconf 84' lang='grc' dir='ltr'><strong><em>κραίνοιμ’</em></strong></span> <span class='ocrx_word' id='word_1_168' title='bbox 921 2702 1080 2811; x_wconf 72' lang='grc' dir='ltr'><strong><em>ντιόσχεσιν</em></strong></span> <span class='ocrx_word' id='word_1_169' title='bbox 1095 2703 1203 2789; x_wconf 78' lang='grc' dir='ltr'><strong><em>κάρος·</em></strong></span> 
     </span>
     <span class='ocr_line' id='line_1_26' title="bbox 504 2787 1119 2874; baseline -0.003 -17.983"><span class='ocrx_word' id='word_1_170' title='bbox 504 2787 619 2858; x_wconf 70' lang='lat' dir='ltr'><strong>’Aorsia</strong></span> <span class='ocrx_word' id='word_1_171' title='bbox 634 2794 666 2856; x_wconf 80' lang='grc' dir='ltr'><strong>δὲ</strong></span> <span class='ocrx_word' id='word_1_172' title='bbox 682 2796 754 2856; x_wconf 80' lang='grc' dir='ltr'><strong><em>πᾶσι</em></strong></span> <span class='ocrx_word' id='word_1_173' title='bbox 771 2795 867 2856; x_wconf 77' lang='lat' dir='ltr'><strong>cncede</strong></span> <span class='ocrx_word' id='word_1_174' title='bbox 883 2791 1030 2868; x_wconf 73' lang='grc' dir='ltr'><strong><em>κοινώσας</em></strong></span> <span class='ocrx_word' id='word_1_175' title='bbox 1044 2792 1119 2874; x_wconf 76' lang='grc' dir='ltr'><strong><em>ιιέρι.</em></strong></span> 
     </span>
    </p>
   </div>
   <div class='ocr_carea' id='block_1_8' title="bbox 296 2901 1510 3745">
    <p class='ocr_par' dir='ltr' id='par_1_11' title="bbox 296 2901 1510 3745">
     <span class='ocr_line' id='line_1_27' title="bbox 296 2901 1436 3001; baseline 0.002 -43"><span class='ocrx_word' id='word_1_176' title='bbox 296 2902 413 2959; x_wconf 85' lang='grc' dir='ltr'><strong><em>Ηοιιιιιι</em></strong></span> <span class='ocrx_word' id='word_1_177' title='bbox 427 2919 570 2959; x_wconf 89' lang='lat' dir='ltr'><strong>versuum</strong></span> <span class='ocrx_word' id='word_1_178' title='bbox 584 2907 773 2998; x_wconf 41' lang='lat' dir='ltr'><strong>postremum·</strong></span> <span class='ocrx_word' id='word_1_179' title='bbox 783 2919 876 2979; x_wconf 91' lang='lat' dir='ltr'><strong>quum</strong></span> <span class='ocrx_word' id='word_1_180' title='bbox 892 2908 1063 2979; x_wconf 87' lang='lat' dir='ltr'><strong>corruptum</strong></span> <span class='ocrx_word' id='word_1_181' title='bbox 1080 2919 1147 2995; x_wconf 67' lang='lat' dir='ltr'><strong>esse</strong></span> <span class='ocrx_word' id='word_1_182' title='bbox 1159 2911 1315 3001; x_wconf 78' lang='lat' dir='ltr'><strong>appareat,</strong></span> <span class='ocrx_word' id='word_1_183' title='bbox 1331 2901 1436 2976; x_wconf 82' lang='lat' dir='ltr'><strong>well,</strong></span> 
     </span>
     <span class='ocr_line' id='line_1_28' title="bbox 297 2971 1510 3082; baseline -0.002 -39"><span class='ocrx_word' id='word_1_184' title='bbox 297 2994 331 3043; x_wconf 91' lang='lat' dir='ltr'><strong>ut</strong></span> <span class='ocrx_word' id='word_1_185' title='bbox 345 2986 479 3082; x_wconf 87' lang='lat' dir='ltr'><strong>priorum</strong></span> <span class='ocrx_word' id='word_1_186' title='bbox 497 2985 637 3044; x_wconf 87' lang='lat' dir='ltr'><strong>infelicia</strong></span> <span class='ocrx_word' id='word_1_187' title='bbox 656 2985 817 3044; x_wconf 82' lang='lat' dir='ltr'><strong>conamina</strong></span> <span class='ocrx_word' id='word_1_188' title='bbox 835 2986 1003 3059; x_wconf 87' lang='lat' dir='ltr'><strong>mittamus,</strong></span> <span class='ocrx_word' id='word_1_189' title='bbox 1027 2992 1079 3043; x_wconf 90' lang='lat' dir='ltr'><strong>aut</strong></span> <span class='ocrx_word' id='word_1_190' title='bbox 1093 2971 1196 3055; x_wconf 85' lang='grc' dir='ltr'><strong><em>ἆστοις</em></strong></span> <span class='ocrx_word' id='word_1_191' title='bbox 1211 2981 1242 3044; x_wconf 77' lang='grc' dir='ltr'><strong>δὲ</strong></span> <span class='ocrx_word' id='word_1_192' title='bbox 1256 2984 1329 3042; x_wconf 80' lang='grc' dir='ltr'><strong><em>πᾶσι</em></strong></span> <span class='ocrx_word' id='word_1_193' title='bbox 1343 2982 1437 3044; x_wconf 76' lang='grc' dir='ltr'><strong><em>τῶνδε</em></strong></span> <span class='ocrx_word' id='word_1_194' title='bbox 1507 3033 1510 3040; x_wconf 94' lang='grc'><em>.</em></span> 
     </span>
     <span class='ocr_line' id='line_1_29' title="bbox 297 3059 1436 3165; baseline 0.001 -38"><span class='ocrx_word' id='word_1_195' title='bbox 297 3059 444 3140; x_wconf 88' lang='grc' dir='ltr'><strong><em>κοινώσας</em></strong></span> <span class='ocrx_word' id='word_1_196' title='bbox 466 3064 548 3145; x_wconf 77' lang='grc' dir='ltr'><strong><em>πέρι,</em></strong></span> <span class='ocrx_word' id='word_1_197' title='bbox 572 3077 625 3128; x_wconf 86' lang='lat' dir='ltr'><strong>aut</strong></span> <span class='ocrx_word' id='word_1_198' title='bbox 646 3067 728 3165; x_wconf 90' lang='lat' dir='ltr'><strong>quod</strong></span> <span class='ocrx_word' id='word_1_199' title='bbox 751 3069 791 3128; x_wconf 88' lang='lat' dir='ltr'><strong>ad</strong></span> <span class='ocrx_word' id='word_1_200' title='bbox 814 3070 1025 3147; x_wconf 85' lang='lat' dir='ltr'><strong>corrigendum</strong></span> <span class='ocrx_word' id='word_1_201' title='bbox 1045 3069 1184 3143; x_wconf 83' lang='lat' dir='ltr'><strong>facilius,</strong></span> <span class='ocrx_word' id='word_1_202' title='bbox 1206 3069 1245 3128; x_wconf 92' lang='lat' dir='ltr'><strong>ad</strong></span> <span class='ocrx_word' id='word_1_203' title='bbox 1260 3070 1436 3148; x_wconf 84' lang='lat' dir='ltr'><strong>intelligen-</strong></span> 
     </span>
     <span class='ocr_line' id='line_1_30' title="bbox 299 3115 1438 3233; baseline -0.001 -20"><span class='ocrx_word' id='word_1_204' title='bbox 299 3154 370 3213; x_wconf 93' lang='lat' dir='ltr'><strong>dum</strong></span> <span class='ocrx_word' id='word_1_205' title='bbox 386 3153 543 3213; x_wconf 87' lang='lat' dir='ltr'><strong>difficilius</strong></span> <span class='ocrx_word' id='word_1_206' title='bbox 559 3155 616 3226; x_wconf 90' lang='lat' dir='ltr'><strong>sit,</strong></span> <span class='ocrx_word' id='word_1_207' title='bbox 636 3142 737 3212; x_wconf 84' lang='grc' dir='ltr'><strong><em>αντών</em></strong></span> <span class='ocrx_word' id='word_1_208' title='bbox 752 3149 784 3213; x_wconf 79' lang='grc' dir='ltr'><strong>δὲ</strong></span> <span class='ocrx_word' id='word_1_209' title='bbox 799 3153 871 3212; x_wconf 79' lang='grc' dir='ltr'><strong><em>πᾶσι</em></strong></span> <span class='ocrx_word' id='word_1_210' title='bbox 886 3153 982 3213; x_wconf 83' lang='grc' dir='ltr'><strong><em>τοῖσδε</em></strong></span> <span class='ocrx_word' id='word_1_211' title='bbox 999 3145 1145 3225; x_wconf 73' lang='grc' dir='ltr'><strong><em>κοινώσας</em></strong></span> <span class='ocrx_word' id='word_1_212' title='bbox 1160 3115 1226 3233; x_wconf 75' lang='grc' dir='ltr'><strong>ώὲρι</strong></span> <span class='ocrx_word' id='word_1_213' title='bbox 1243 3154 1438 3214; x_wconf 86' lang='lat' dir='ltr'><strong>scribendum</strong></span> 
     </span>
     <span class='ocr_line' id='line_1_31' title="bbox 297 3237 1438 3319; baseline -0.001 -21"><span class='ocrx_word' id='word_1_214' title='bbox 297 3239 464 3318; x_wconf 88' lang='lat' dir='ltr'><strong>proposuit.</strong></span> <span class='ocrx_word' id='word_1_215' title='bbox 501 3239 570 3298; x_wconf 90' lang='lat' dir='ltr'><strong>Hoc</strong></span> <span class='ocrx_word' id='word_1_216' title='bbox 588 3237 712 3319; x_wconf 91' lang='lat' dir='ltr'><strong>quidem</strong></span> <span class='ocrx_word' id='word_1_217' title='bbox 733 3247 839 3318; x_wconf 90' lang='lat' dir='ltr'><strong>aperte</strong></span> <span class='ocrx_word' id='word_1_218' title='bbox 866 3240 992 3314; x_wconf 89' lang='lat' dir='ltr'><strong>falsum,</strong></span> <span class='ocrx_word' id='word_1_219' title='bbox 1012 3237 1068 3300; x_wconf 86' lang='lat' dir='ltr'><strong>sed</strong></span> <span class='ocrx_word' id='word_1_220' title='bbox 1086 3259 1189 3318; x_wconf 89' lang='lat' dir='ltr'><strong>neque</strong></span> <span class='ocrx_word' id='word_1_221' title='bbox 1210 3241 1293 3319; x_wconf 88' lang='lat' dir='ltr'><strong>prius</strong></span> <span class='ocrx_word' id='word_1_222' title='bbox 1316 3239 1438 3318; x_wconf 88' lang='lat' dir='ltr'><strong>probari</strong></span> 
     </span>
     <span class='ocr_line' id='line_1_32' title="bbox 298 3322 1437 3404; baseline 0 -21"><span class='ocrx_word' id='word_1_223' title='bbox 298 3332 399 3403; x_wconf 90' lang='lat' dir='ltr'><strong>potest</strong></span> <span class='ocrx_word' id='word_1_224' title='bbox 387 3323 457 3382; x_wconf 91' lang='lat' dir='ltr'><strong>tob</strong></span> <span class='ocrx_word' id='word_1_225' title='bbox 480 3322 635 3402; x_wconf 88' lang='lat' dir='ltr'><strong>duplicem</strong></span> <span class='ocrx_word' id='word_1_226' title='bbox 656 3343 803 3383; x_wconf 87' lang='lat' dir='ltr'><strong>caussam.</strong></span> <span class='ocrx_word' id='word_1_227' title='bbox 835 3325 915 3384; x_wconf 88' lang='lat' dir='ltr'><strong>Nam</strong></span> <span class='ocrx_word' id='word_1_228' title='bbox 941 3324 1136 3404; x_wconf 85' lang='lat' dir='ltr'><strong>participium</strong></span> <span class='ocrx_word' id='word_1_229' title='bbox 1155 3334 1236 3385; x_wconf 88' lang='lat' dir='ltr'><strong>stare</strong></span> <span class='ocrx_word' id='word_1_230' title='bbox 1257 3345 1318 3384; x_wconf 90' lang='lat' dir='ltr'><strong>non</strong></span> <span class='ocrx_word' id='word_1_231' title='bbox 1337 3343 1437 3404; x_wconf 87' lang='lat' dir='ltr'><strong>posse,</strong></span> 
     </span>
     <span class='ocr_line' id='line_1_33' title="bbox 298 3408 1437 3489; baseline -0.001 -21"><span class='ocrx_word' id='word_1_232' title='bbox 298 3410 357 3469; x_wconf 87' lang='lat' dir='ltr'><strong>nisi</strong></span> <span class='ocrx_word' id='word_1_233' title='bbox 380 3410 447 3489; x_wconf 91' lang='lat' dir='ltr'><strong>quis</strong></span> <span class='ocrx_word' id='word_1_234' title='bbox 469 3408 623 3468; x_wconf 80' lang='lat' dir='ltr'><strong>excidisse</strong></span> <span class='ocrx_word' id='word_1_235' title='bbox 647 3409 796 3468; x_wconf 88' lang='lat' dir='ltr'><strong>nonnulla</strong></span> <span class='ocrx_word' id='word_1_236' title='bbox 821 3411 1060 3483; x_wconf 83' lang='lat' dir='ltr'><strong>existimaverit,</strong></span> <span class='ocrx_word' id='word_1_237' title='bbox 1076 3411 1220 3469; x_wconf 88' lang='lat' dir='ltr'><strong>orationis</strong></span> <span class='ocrx_word' id='word_1_238' title='bbox 1239 3409 1437 3470; x_wconf 86' lang='lat' dir='ltr'><strong>conformatio</strong></span> 
     </span>
     <span class='ocr_line' id='line_1_34' title="bbox 299 3455 1437 3574; baseline -0.003 -20"><span class='ocrx_word' id='word_1_239' title='bbox 299 3494 413 3572; x_wconf 79' lang='lat' dir='ltr'><strong>arguit,</strong></span> <span class='ocrx_word' id='word_1_240' title='bbox 434 3514 536 3573; x_wconf 88' lang='lat' dir='ltr'><strong>neque</strong></span> <span class='ocrx_word' id='word_1_241' title='bbox 556 3493 684 3554; x_wconf 89' lang='lat' dir='ltr'><strong>verbum</strong></span> <span class='ocrx_word' id='word_1_242' title='bbox 707 3493 830 3552; x_wconf 81' lang='grc' dir='ltr'><strong><em>κοινοῦν</em></strong></span> <span class='ocrx_word' id='word_1_243' title='bbox 859 3515 926 3553; x_wconf 90' lang='lat' dir='ltr'><strong>cum</strong></span> <span class='ocrx_word' id='word_1_244' title='bbox 946 3455 1171 3574; x_wconf 72' lang='lat' dir='ltr'><strong>praepositione</strong></span> <span class='ocrx_word' id='word_1_245' title='bbox 1199 3490 1267 3574; x_wconf 85' lang='grc' dir='ltr'><strong><em>τιερλ</em></strong></span> <span class='ocrx_word' id='word_1_246' title='bbox 1293 3495 1437 3571; x_wconf 84' lang='lat' dir='ltr'><strong>iungitur,</strong></span> 
     </span>
     <span class='ocr_line' id='line_1_35' title="bbox 297 3577 1437 3658; baseline 0.001 -20"><span class='ocrx_word' id='word_1_247' title='bbox 297 3581 358 3638; x_wconf 91' lang='lat' dir='ltr'><strong>nisi</strong></span> <span class='ocrx_word' id='word_1_248' title='bbox 377 3578 480 3638; x_wconf 85' lang='lat' dir='ltr'><strong>media</strong></span> <span class='ocrx_word' id='word_1_249' title='bbox 502 3579 607 3640; x_wconf 85' lang='lat' dir='ltr'><strong>forma.</strong></span> <span class='ocrx_word' id='word_1_250' title='bbox 642 3577 729 3637; x_wconf 89' lang='lat' dir='ltr'><strong>Libri</strong></span> <span class='ocrx_word' id='word_1_251' title='bbox 755 3599 815 3638; x_wconf 92' lang='lat' dir='ltr'><strong>non</strong></span> <span class='ocrx_word' id='word_1_252' title='bbox 837 3580 958 3638; x_wconf 86' lang='lat' dir='ltr'><strong>variant</strong></span> <span class='ocrx_word' id='word_1_253' title='bbox 966 3600 1053 3653; x_wconf 87' lang='lat' dir='ltr'><strong>n1s1</strong></span> <span class='ocrx_word' id='word_1_254' title='bbox 1044 3579 1149 3657; x_wconf 89' lang='lat' dir='ltr'><strong>quod</strong></span> <span class='ocrx_word' id='word_1_255' title='bbox 1162 3580 1242 3658; x_wconf 83' lang='lat' dir='ltr'><strong>Reg.</strong></span> <span class='ocrx_word' id='word_1_256' title='bbox 1260 3579 1296 3640; x_wconf 92' lang='lat' dir='ltr'><strong>L.</strong></span> <span class='ocrx_word' id='word_1_257' title='bbox 1314 3579 1437 3639; x_wconf 89' lang='lat' dir='ltr'><strong>infiniti-</strong></span> 
     </span>
     <span class='ocr_line' id='line_1_36' title="bbox 300 3663 1073 3745; baseline -0.001 -23"><span class='ocrx_word' id='word_1_258' title='bbox 300 3684 372 3723; x_wconf 91' lang='lat' dir='ltr'><strong>vum</strong></span> <span class='ocrx_word' id='word_1_259' title='bbox 387 3663 527 3722; x_wconf 79' lang='grc' dir='ltr'><strong><em>κοινῶσαι</em></strong></span> <span class='ocrx_word' id='word_1_260' title='bbox 548 3663 686 3745; x_wconf 87' lang='lat' dir='ltr'><strong>praebet.</strong></span> <span class='ocrx_word' id='word_1_261' title='bbox 665 3663 923 3724; x_wconf 83' lang='lat' dir='ltr'><strong>tSeribendum</strong></span> <span class='ocrx_word' id='word_1_262' title='bbox 937 3663 1073 3723; x_wconf 88' lang='lat' dir='ltr'><strong>videtur:</strong></span> 
     </span>
    </p>
   </div>
   <div class='ocr_carea' id='block_1_9' title="bbox 300 3754 1175 4045">
    <p class='ocr_par' dir='ltr' id='par_1_12' title="bbox 300 3754 1175 4045">
     <span class='ocr_line' id='line_1_37' title="bbox 503 3754 1175 3843; baseline -0.003 -18.985"><span class='ocrx_word' id='word_1_263' title='bbox 503 3754 615 3824; x_wconf 83' lang='grc' dir='ltr'><strong><em>Ἀστών</em></strong></span> <span class='ocrx_word' id='word_1_264' title='bbox 632 3760 876 3824; x_wconf 60' lang='lat' dir='ltr'><strong>rinocerotes</strong></span> <span class='ocrx_word' id='word_1_265' title='bbox 897 3765 1078 3825; x_wconf 86' lang='grc' dir='ltr'><strong><em>κοίνωσαι</em></strong></span> <span class='ocrx_word' id='word_1_266' title='bbox 1099 3760 1175 3843; x_wconf 82' lang='grc' dir='ltr'><strong><em>ιτὲρι.</em></strong></span> 
     </span>
     <span class='ocr_line' id='line_1_38' title="bbox 300 3865 1174 3944; baseline -0.001 -20"><span class='ocrx_word' id='word_1_267' title='bbox 300 3867 376 3938; x_wconf 87' lang='lat' dir='ltr'><strong>„Tu</strong></span> <span class='ocrx_word' id='word_1_268' title='bbox 398 3886 557 3925; x_wconf 81' lang='lat' dir='ltr'><strong>varocum</strong></span> <span class='ocrx_word' id='word_1_269' title='bbox 574 3865 691 3926; x_wconf 86' lang='lat' dir='ltr'><strong>civibus</strong></span> <span class='ocrx_word' id='word_1_270' title='bbox 707 3868 857 3928; x_wconf 88' lang='lat' dir='ltr'><strong>universis</strong></span> <span class='ocrx_word' id='word_1_271' title='bbox 875 3868 934 3928; x_wconf 87' lang='lat' dir='ltr'><strong>hac</strong></span> <span class='ocrx_word' id='word_1_272' title='bbox 951 3866 990 3926; x_wconf 89' lang='lat' dir='ltr'><strong>de</strong></span> <span class='ocrx_word' id='word_1_273' title='bbox 1005 3887 1039 3927; x_wconf 92' lang='lat' dir='ltr'><strong>re</strong></span> <span class='ocrx_word' id='word_1_274' title='bbox 1054 3867 1174 3944; x_wconf 85' lang='lat' dir='ltr'><strong>agita.“</strong></span> 
     </span>
     <span class='ocr_line' id='line_1_39' title="bbox 365 3969 551 4045; baseline -0.006 -19"><span class='ocrx_word' id='word_1_275' title='bbox 365 3969 418 4026; x_wconf 90' lang='lat' dir='ltr'><strong>Vs</strong></span> <span class='ocrx_word' id='word_1_276' title='bbox 434 3977 485 4030; x_wconf 84' lang='lat'><strong>385</strong></span> <span class='ocrx_word' id='word_1_277' title='bbox 506 3987 551 4045; x_wconf 90' lang='lat' dir='ltr'><strong>sq.</strong></span> 
     </span>
    </p>
   </div>
   <div class='ocr_carea' id='block_1_10' title="bbox 511 4058 1273 4234">
    <p class='ocr_par' dir='ltr' id='par_1_13' title="bbox 511 4058 1273 4234">
     <span class='ocr_line' id='line_1_40' title="bbox 511 4058 1273 4169; baseline 0.004 -47"><span class='ocrx_word' id='word_1_278' title='bbox 511 4068 570 4123; x_wconf 90' lang='grc' dir='ltr'><strong>Δεῖ</strong></span> <span class='ocrx_word' id='word_1_279' title='bbox 580 4067 628 4124; x_wconf 90' lang='grc' dir='ltr'><strong>τοί</strong></span> <span class='ocrx_word' id='word_1_280' title='bbox 639 4081 671 4124; x_wconf 90' lang='grc' dir='ltr'><strong><em>σε</em></strong></span> <span class='ocrx_word' id='word_1_281' title='bbox 686 4061 811 4145; x_wconf 78' lang='grc' dir='ltr'><strong><em>φεύγειν</em></strong></span> <span class='ocrx_word' id='word_1_282' title='bbox 826 4058 903 4126; x_wconf 75' lang='grc' dir='ltr'><strong><em>κατὰ</em></strong></span> <span class='ocrx_word' id='word_1_283' title='bbox 900 4061 1028 4169; x_wconf 80' lang='grc' dir='ltr'><strong><em>νόμρος</em></strong></span> <span class='ocrx_word' id='word_1_284' title='bbox 1045 4089 1114 4141; x_wconf 91' lang='grc' dir='ltr'><strong><em>τονς</em></strong></span> <span class='ocrx_word' id='word_1_285' title='bbox 1129 4065 1273 4137; x_wconf 78' lang='grc' dir='ltr'><strong><em>οἴκοθεν,</em></strong></span> 
     </span>
     <span class='ocr_line' id='line_1_41' title="bbox 512 4137 1134 4234; baseline 0.013 -28.066"><span class='ocrx_word' id='word_1_286' title='bbox 512 4137 614 4220; x_wconf 81' lang='grc' dir='ltr'><strong><em>Ὡς’</em></strong></span> <span class='ocrx_word' id='word_1_287' title='bbox 580 4169 636 4208; x_wconf 92' lang='grc' dir='ltr'><strong>ονκ</strong></span> <span class='ocrx_word' id='word_1_288' title='bbox 654 4147 753 4226; x_wconf 75' lang='grc' dir='ltr'><strong><em>ἔχουσι</em></strong></span> <span class='ocrx_word' id='word_1_289' title='bbox 767 4152 857 4230; x_wconf 79' lang='grc' dir='ltr'><strong><em>κῦρος</em></strong></span> <span class='ocrx_word' id='word_1_290' title='bbox 874 4141 963 4213; x_wconf 79' lang='grc' dir='ltr'><strong><em>ονδὲν</em></strong></span> <span class='ocrx_word' id='word_1_291' title='bbox 978 4144 1056 4234; x_wconf 84' lang='grc' dir='ltr'><strong><em>ἆμφλ</em></strong></span> <span class='ocrx_word' id='word_1_292' title='bbox 1070 4153 1134 4213; x_wconf 79' lang='grc' dir='ltr'><strong><em>σοῦ.</em></strong></span> 
     </span>
    </p>
   </div>
   <div class='ocr_carea' id='block_1_11' title="bbox 300 4247 1438 4353">
    <p class='ocr_par' dir='ltr' id='par_1_14' title="bbox 300 4247 1438 4353">
     <span class='ocr_line' id='line_1_42' title="bbox 300 4247 1438 4353; baseline 0.005 -45"><span class='ocrx_word' id='word_1_293' title='bbox 300 4249 395 4308; x_wconf 89' lang='lat' dir='ltr'><strong>Hisce</strong></span> <span class='ocrx_word' id='word_1_294' title='bbox 410 4247 548 4308; x_wconf 88' lang='lat' dir='ltr'><strong>versibus</strong></span> <span class='ocrx_word' id='word_1_295' title='bbox 563 4250 643 4310; x_wconf 88' lang='lat' dir='ltr'><strong>falsa</strong></span> <span class='ocrx_word' id='word_1_296' title='bbox 659 4251 855 4314; x_wconf 90' lang='lat' dir='ltr'><strong>distinctione</strong></span> <span class='ocrx_word' id='word_1_297' title='bbox 870 4257 990 4316; x_wconf 84' lang='lat' dir='ltr'><strong>macula</strong></span> <span class='ocrx_word' id='word_1_298' title='bbox 1006 4256 1158 4338; x_wconf 86' lang='lat' dir='ltr'><strong>quaedam</strong></span> <span class='ocrx_word' id='word_1_299' title='bbox 1173 4254 1329 4353; x_wconf 84' lang='lat' dir='ltr'><strong>adspersa.</strong></span> <span class='ocrx_word' id='word_1_300' title='bbox 1360 4255 1438 4315; x_wconf 84' lang='lat' dir='ltr'><strong>Sub-</strong></span> 
     </span>
    </p>
   </div>
   <div class='ocr_carea' id='block_1_12' title="bbox 300 4332 1438 4483">
    <p class='ocr_par' dir='ltr' id='par_1_15' title="bbox 300 4332 1438 4481">
     <span class='ocr_line' id='line_1_43' title="bbox 300 4332 1438 4422; baseline 0.006 -30"><span class='ocrx_word' id='word_1_301' title='bbox 300 4335 364 4393; x_wconf 85' lang='lat' dir='ltr'><strong>lata</strong></span> <span class='ocrx_word' id='word_1_302' title='bbox 377 4334 456 4393; x_wconf 90' lang='lat' dir='ltr'><strong>enim</strong></span> <span class='ocrx_word' id='word_1_303' title='bbox 471 4343 539 4413; x_wconf 91' lang='lat' dir='ltr'><strong>post</strong></span> <span class='ocrx_word' id='word_1_304' title='bbox 553 4332 677 4392; x_wconf 84' lang='grc' dir='ltr'><strong><em>οἴκοθεν</em></strong></span> <span class='ocrx_word' id='word_1_305' title='bbox 693 4337 952 4414; x_wconf 90' lang='lat' dir='ltr'><strong>interpunctione,</strong></span> <span class='ocrx_word' id='word_1_306' title='bbox 971 4362 1087 4401; x_wconf 89' lang='lat' dir='ltr'><strong>comma</strong></span> <span class='ocrx_word' id='word_1_307' title='bbox 1100 4349 1170 4422; x_wconf 90' lang='lat' dir='ltr'><strong>post</strong></span> <span class='ocrx_word' id='word_1_308' title='bbox 1186 4333 1309 4418; x_wconf 79' lang='grc' dir='ltr'><strong><em>φεύγειν</em></strong></span> <span class='ocrx_word' id='word_1_309' title='bbox 1323 4361 1438 4419; x_wconf 84' lang='grc' dir='ltr'><strong><em>ροιιοιι-</em></strong></span> 
     </span>
     <span class='ocr_line' id='line_1_44' title="bbox 304 4419 690 4483; baseline 0 -3"><span class='ocrx_word' id='word_1_310' title='bbox 304 4419 373 4480; x_wconf 91' lang='lat' dir='ltr'><strong>dum</strong></span> <span class='ocrx_word' id='word_1_311' title='bbox 387 4439 454 4481; x_wconf 89' lang='lat' dir='ltr'><strong>esse</strong></span> <span class='ocrx_word' id='word_1_312' title='bbox 469 4439 575 4480; x_wconf 84' lang='lat' dir='ltr'><strong>sensus</strong></span> <span class='ocrx_word' id='word_1_313' title='bbox 593 4419 690 4483; x_wconf 88' lang='lat' dir='ltr'><strong>docet.</strong></span> 
     </span>
    </p>
   </div>
   <div class='ocr_carea' id='block_1_13' title="bbox 0 0 1646 5304">
    <p class='ocr_par' dir='ltr' id='par_1_16' title="bbox 0 0 1646 5304">
     <span class='ocr_line' id='line_1_45' title="bbox 0 0 1646 5304; baseline 0 0"><span class='ocrx_word' id='word_1_314' title='bbox 0 0 1646 5304; x_wconf 95' lang='lat' dir='ltr'><strong> </strong></span> 
     </span>
    </p>
   </div>
  </div>
 </body>
</html>
