3246 5328
474 391 507 444 Iu
523 387 599 442 locos
613 388 720 459 aliquot
740 387 869 466 Aeschyli
888 391 1122 462 Choephorarum.
1323 385 1363 448 59

232 560 423 642 Aeschylum
437 581 499 621 non
522 561 660 638 ineptum
674 565 796 638 poetam
813 555 1009 617 iudicandum
1024 577 1106 633 esse,
1123 559 1149 617 si
1163 577 1218 637 pro
1234 556 1366 638 eoquod

234 646 397 707 dicendum
421 657 502 720 erat,
524 647 675 705 Iustitiam
695 644 791 703 serius
810 642 894 700 ocius
908 643 1034 719 punire,
1057 664 1124 702 eam
1138 643 1365 704 modomeridie

232 732 321 791 modo
341 733 464 808 vesperi
481 731 571 790 modo
592 728 694 788 media
714 736 803 787 nocte
824 726 932 804 punire
949 725 1085 786 dixisset.
1123 728 1269 805 Quodne
1288 751 1365 789 com·

233 835 446 876 memorassem
468 815 607 894 quidem,
632 814 705 892 quia
724 813 953 883 Hermannum,
975 830 1055 888 quae
1077 822 1148 871 ante
1169 814 1224 873 hos
1239 817 1366 892 triginta

235 911 302 961 octo
318 919 414 959 annos
431 900 536 976 panllo
550 897 805 958 inconsideratius
821 896 991 973 scripserit,
1008 894 1059 952 diu
1075 896 1224 956 abiecisse
1240 919 1366 959 consen·

233 995 358 1044 taneum
374 992 436 1058 est,
451 985 512 1042 nisi
525 983 737 1043 Wellauerum
752 981 889 1059 aliosque
904 979 944 1038 ad
964 981 1054 1038 huius
1070 981 1280 1040 auctoritatem
1298 1003 1366 1060 pro·

234 1078 382 1128 vocantes
398 1067 551 1143 viderem,
570 1069 623 1146 qui
637 1067 736 1126 locum
749 1074 834 1126 recte
850 1065 1072 1144 explanaverit.
1250 1123 1256 1130 ,

295 1153 411 1213 Verum
430 1153 538 1212 horum
558 1152 718 1212 verborum
741 1171 862 1211 sensum
883 1152 1011 1229 reperiri
1034 1150 1258 1225 existimamus,
1279 1152 1305 1211 si
1328 1149 1367 1210 ad

233 1259 346 1299 nexum
360 1238 611 1316 praecedentium
626 1237 791 1314 diligenter
802 1235 953 1295 attendas.
983 1237 1025 1294 Et
1035 1235 1179 1312 primum,
1192 1235 1274 1314 quod
1288 1237 1368 1295 haec

235 1324 390 1383 obscurius
406 1343 552 1402 expressa
568 1323 637 1397 sint,
656 1342 718 1381 non
737 1330 784 1382 est
794 1319 964 1380 mirandum
971 1321 1070 1400 ,quia
1085 1321 1209 1380 chorum
1225 1322 1257 1380 in
1272 1322 1366 1380 omni-

233 1409 305 1483 bus,
328 1427 407 1487 quae
432 1407 473 1467 ad
494 1405 631 1500 dominos
652 1408 821 1486 pertinent,
845 1405 1024 1506 eloquendis
1037 1426 1182 1465 summam
1197 1407 1368 1466 cautionem

234 1454 430 1553 adhibentem
452 1503 483 1552 et
497 1489 621 1552 nomina
643 1513 745 1551 eorum
764 1511 837 1572 quos
853 1492 884 1550 in
899 1499 1001 1549 mente
1018 1490 1112 1549 habet
1100 1499 1174 1550 ttre
1176 1492 1258 1550 icent
1260 1511 1307 1550 em
1322 1491 1367 1549 vi·

235 1579 348 1637 demus.
376 1578 444 1637 Hoc
459 1600 489 1638 v.
504 1587 539 1641 46
556 1579 622 1656 ipse
643 1577 810 1656 significat:
838 1562 1072 1652 cotetaattff
1054 1594 1123 1644 επις
1137 1567 1202 1634 τόδ’
1221 1571 1366 1653 ἐκβαλεῖν,

233 1664 321 1722 huius
335 1663 381 1721 rei
401 1665 544 1742 exempla
559 1671 630 1722 sunt
646 1683 677 1722 v.
695 1671 746 1724 108
760 1681 837 1740 sqq.
856 1659 965 1738 quibus
980 1660 1081 1720 odium
1100 1659 1367 1740 Clytaemnestrae

235 1747 355 1807 disertis
369 1749 472 1808 verbis
486 1749 592 1807 testari
609 1749 695 1852 fugit
713 1748 786 1804 HA.
805 1744 896 1816 Τίνας
910 1740 942 1804 δὲ
957 1736 1079 1816 τούτους
1093 1746 1152 1804 τῶν
1167 1747 1261 1822 φίλων
1278 1765 1367 1819 προς-

229 1828 360 1930 εννὲιιιις
397 1835 434 1891 Χ.
461 1833 598 1931 Πρῶτον
616 1829 670 1908 μὲν
700 1820 812 1904 atem,
820 1821 940 1925 χῶστις
965 1828 1119 1930 Αἴγισθον
1147 1835 1255 1928 stupri.
1293 1833 1367 1889 HA.

229 1904 318 2012 Ἐμοί
305 1901 567 2014 [natvsooty'
548 1937 586 1991 ιιρ
590 1904 879 1990 ’ἕπευξομαιτιὶὃες
900 1917 937 1973 X.
953 1905 1056 1988 Αὐτὴ
1077 1904 1121 1972 σι)
1149 1915 1262 1974 ταῦτα
1280 1935 1367 1992 μαν-

235 1989 391 2059 θάνονσ’
409 1991 480 2076 ἤδη
501 1993 655 2076 φράσαι.
687 2001 730 2058 Ει
750 1998 868 2056 verba
860 2019 936 2075 rpsa
951 2019 1031 2077 quae
1045 2008 1114 2058 nos
1115 2021 1180 2064 rum
1195 2002 1297 2060 locum
1315 2020 1368 2058 an·

235 2083 381 2144 tecedunt
392 2105 422 2143 v.
438 2093 470 2147 57
485 2085 620 2160 φοβεῖται
633 2081 664 2142 δέ
677 2104 739 2155 τις,
754 2082 864 2160 quibus
877 2082 1153 2160 Clytaemnestram
1168 2087 1267 2142 notari
1280 2105 1369 2143 nemo

151 2235 155 2244 ,
237 2167 398 2227 dubitabit.
427 2167 540 2226 Idem
532 2187 563 2226 m
578 2167 807 2244 Agamemnone
827 2187 890 2226 non
908 2187 969 2225 uno
990 2167 1058 2226 loco
1073 2168 1250 2226 factumt
1203 2177 1260 2228 est.
1295 2167 1368 2228 Car-

236 2273 306 2312 men
329 2259 431 2310 autem
458 2252 523 2310 hoov
541 2253 669 2330 primum
694 2251 939 2328 Choephorarum
966 2261 1085 2311 constat
1104 2252 1200 2311 tribus
1221 2253 1369 2331 partibus,

236 2356 317 2417 quae
342 2337 435 2396 facile
460 2338 539 2396 inter
565 2357 599 2396 se
625 2335 866 2414 distinguimur
893 2337 937 2395 ita
965 2357 1001 2395 ιο
1026 2357 1109 2397 nexu
1133 2337 1311 2412 cohaerent,
1336 2347 1370 2397 ut

239 2423 357 2496 omnia,
377 2441 456 2500 quae
471 2421 630 2482 audientes
645 2441 663 2479 a
679 2422 769 2480 choro
784 2423 851 2480 finit
839 2430 872 2480 ta
886 2421 1117 2498 Agamemnone
1132 2443 1255 2482 scenam
1269 2425 1368 2502 ingre-

238 2508 342 2567 diente
362 2506 485 2566 edoceri
506 2527 562 2585 par
580 2508 634 2580 sit,
648 2501 842 2567 contineant.
873 2507 912 2567 V.
929 2515 1041 2568 to-so
1059 2527 1091 2568 se
1106 2508 1254 2567 libamina
1268 2508 1308 2566 ad
1322 2517 1369 2570 tu·

236 2593 349 2652 mulum
370 2590 608 2670 Agamemnonis
623 2553 703 2651 ferre
718 2601 830 2667 narrat,
854 2611 1054 2670 caussamque
1074 2594 1145 2652 viae
1166 2594 1293 2670 exponit
1307 2613 1369 2651 me-

235 2688 298 2738 tum
320 2676 585 2755 Clytaemnestrae
608 2695 646 2736 ex
668 2678 784 2736 somnio
807 2687 913 2738 ortum.
952 2675 991 2738 V.
1010 2685 1121 2741 ιιι-71
1144 2679 1286 2737 miseram
1301 2686 1371 2756 post

235 2763 430 2822 interfectum
450 2761 712 2840 Agamemnonem
737 2761 842 2822 domus
861 2762 966 2840 regiae
992 2762 1195 2822 conditionem
1215 2762 1369 2839 describit,

236 2867 330 2926 seque
351 2846 476 2906 divinae
498 2849 633 2906 iustitiae
662 2846 815 2906 confidere
844 2855 989 2922 testatur,
1009 2843 1082 2907 fore'
1095 2853 1130 2907 nt
1155 2847 1370 2908 interfectores

236 2932 418 3012 sqpplicium
436 2953 498 2991 non
518 2933 674 3009 effugiant.
711 2933 855 3011 Denique
870 2954 898 2992 v.
913 2939 1023 2995 72-81
1043 2932 1081 2992 de
1100 2953 1156 2993 sua
1173 2934 1284 2993 misera
1300 2954 1369 2992 con-

237 3016 352 3074 ditione
367 3017 517 3094 queritur,
532 3017 615 3097 quod
632 3037 737 3089 serva,
755 3016 836 3095 quod
851 3026 954 3076 tacere
974 3026 1079 3076 coacta
1095 3020 1150 3090 sit,
1171 3019 1252 3098 quod
1269 3038 1370 3077 rerum

237 3100 380 3159 herilium
397 3101 522 3160 interitu
541 3111 679 3180 angatur.
713 3102 825 3160 Noster
839 3101 924 3160 loeus
939 3103 967 3160 ei
981 3103 1061 3180 parti
1080 3103 1211 3163 insertus
1228 3111 1290 3177 est,
1308 3123 1371 3182 qua

239 3183 381 3243 de'domo
392 3183 636 3261 Agamemnonia
651 3187 786 3262 exponit.
816 3186 881 3244 Iam
892 3206 965 3246 vero
982 3187 1116 3246 conditio
1132 3209 1244 3262 eorum,
1261 3190 1314 3267 qui
1330 3187 1370 3246 ad

239 3277 305 3328 eam
331 3269 500 3346 pertinent,
522 3271 636 3348 triplex
659 3281 713 3330 est.
753 3269 999 3348 Clytaemnestra
1026 3281 1056 3330 et
1081 3271 1248 3349 Aegisthus
1270 3293 1371 3332 rerum

236 3354 408 3432 potiuntur,
432 3352 557 3413 Orestes
579 3363 610 3413 et
629 3355 756 3413 Electra
779 3364 813 3413 ιιι
837 3357 973 3432 oppressi
993 3358 1036 3416 ita
1055 3376 1116 3414 non
1138 3365 1208 3416 sunt
1232 3358 1369 3430 extincti,

237 3438 448 3516 Agamemnon
469 3439 561 3516 plane
583 3440 684 3516 periit
663 3438 788 3498 tHos
810 3440 902 3516 igitur
923 3461 952 3497 v.
968 3449 1003 3501 60
1022 3460 1087 3518 sqq
1104 3441 1135 3497 in
1150 3450 1252 3500 mente
1266 3441 1369 3536 habet,

202 3528 205 3534 '
237 3521 376 3600 generali
391 3525 521 3582 sentent
500 3533 543 3582 ιιι
559 3533 590 3581 et
601 3523 733 3619 imagine
744 3543 816 3582 usus
819 3543 932 3620 ,quam
945 3523 1074 3582 eandem
1085 3545 1115 3582 v.
1128 3535 1159 3586 51
1170 3526 1285 3620 posuit:
1296 3512 1371 3599 ἆνή-

127 3650 129 3654 ·
236 3610 294 3666 λιιι
324 3605 528 3705 βροτοστυγεῖς
557 3599 662 3682 δνόφοι
688 3599 871 3666 ναλυνιτουσι
896 3600 1006 3680 δόμους
1030 3605 1180 3666 δεσποτῶν
1202 3600 1369 3668 θανάτοισι.

238 3681 316 3762 Τους
340 3687 372 3748 ἕν
394 3684 466 3766 φάει
486 3693 578 3770 igitur
599 3692 740 3768 intellige
762 3691 841 3769 Aeg.
871 3702 902 3751 et
923 3690 1021 3770 Clyt,
1045 3694 1246 3771 crepusculi
1237 3696 1371 3772 rmagine

237 3776 378 3850 Orestes,
404 3779 502 3835 noctis
532 3776 745 3854 Agamemnon
777 3775 975 3853 significatur.
1020 3777 1245 3837 Sententiarum
1272 3800 1371 3840 nexus

127 3867 131 3875 '
236 3872 289 3921 aut
292 3883 339 3931 em
362 3861 413 3919 hic
442 3872 503 3920 est:
535 3861 683 3921 tenebrae
711 3861 871 3921 involvunt
894 3861 1014 3920 domum
1034 3860 1305 3939 Agamemnoniam
1334 3865 1371 3924 ob

237 3947 363 4005 caedem
382 3945 509 4023 domini3
534 3946 709 4006 reverentia
724 3966 785 4024 qua
806 3955 897 4004 antea
915 3947 1046 4024 populus
1063 3966 1131 4008 eum
1145 3951 1300 4028 suspicere
1324 3972 1371 4009 so-

235 4030 308 4089 litus
330 4031 421 4104 abiit,
443 4033 551 4092 timent
575 4031 820 4112 Clytaemnestra
844 4041 875 4090 et
891 4030 1074 4108 Aegisthum
1098 4032 1191 4092 iidem
1205 4056 1267 4094 non
1286 4037 1370 4094 iusti-

236 4115 310 4171 tiam
320 4115 381 4172 sed
399 4137 490 4175 unam
505 4117 637 4176 felicitat
625 4125 686 4176 tem
708 4125 865 4175 externam
882 4126 997 4176 curant.
1034 4117 1077 4176 At
1091 4139 1223 4197 quum
1202 4119 1241 4178 ad
1259 4121 1371 4180 discri-

236 4209 452 4258 mareventum
484 4211 544 4274 est,
565 4222 625 4260 non
648 4201 781 4260 felicitas
806 4209 949 4275 externa,
978 4201 1032 4262 sed
1058 4203 1171 4263 iustitia
1192 4206 1370 4281 respicitur3

237 4279 401 4339 discrimen
419 4288 549 4342 autem
541 4288 594 4360 ris,
616 4287 669 4363 qui
690 4287 721 4343 in
745 4285 815 4344 luce
833 4294 1009 4361 versantur,
1032 4287 1062 4345 h.
1083 4309 1109 4346 e.
1129 4289 1180 4366 qui
1201 4308 1300 4346 rerum
1317 4308 1370 4364 po-

237 4366 354 4422 tiuntur
362 4385 439 4441 ,spe
455 4371 581 4428 celerius
595 4370 769 4444 adducitur,
797 4379 901 4430 contra
914 4391 964 4430 res
981 4373 1161 4448 crepusculo
1180 4371 1370 4444 obscuratae,

236 4449 264 4508 h.
283 4469 309 4507 ι.
330 4468 433 4507 eorum
451 4452 505 4526 qui
520 4455 654 4529 oppressi
668 4475 729 4512 non
746 4455 874 4512 extinct
866 4475 876 4512 1
891 4463 968 4527 sunt,
983 4473 1039 4530 per
1054 4469 1168 4513 moram
1182 4454 1299 4513 viribus
1317 4455 1369 4514 ab·
