3230 5308
329 425 367 491 18
692 433 734 484 De
749 430 914 484 carminibus
930 429 1088 498 Aeschyleis

327 601 412 659 vices
428 605 543 673 essent,
571 597 611 656 ad
626 597 751 656 multam
769 595 848 666 eius,
877 595 929 675 qui
950 594 1033 672 apud
1052 603 1160 674 poetas
1180 592 1342 652 Hebraeos
1365 604 1410 654 est
1423 593 1456 668 ¹),

327 683 544 764 parallelismi‚
561 702 650 762 quem
664 688 791 753 vocant,
806 677 1036 738 similitudinem
1052 678 1243 738 accederent.
1277 677 1347 756 Quo
1359 680 1456 758 magis

326 767 496 828 mirandum
518 775 564 825 est
583 767 663 825 hane
679 766 829 824 rationem
844 763 948 837 abiis,
980 765 1033 844 qui
1049 783 1087 822 ea
1102 764 1236 823 earmina
1254 764 1286 822 in
1306 773 1457 822 commata

255 895 262 908 .
327 873 382 912 sua
394 850 566 912 describere
580 851 738 930 hueusque
752 850 855 908 conati
864 856 950 922 sunt,
964 856 1139 910 totamesse
1150 848 1334 926 neglectam.
1358 849 1454 930 Equi·

327 937 396 998 dem
409 937 467 995 hoe
478 955 538 994 uno
549 935 646 994 fretus
663 934 779 994 auxilio
790 954 855 992 rem
866 933 945 994 adeo
961 934 1087 994 arduam
1101 935 1257 1013 suscipere
1273 951 1364 992 ausus
1381 953 1455 992 sum.

388 1021 553 1100 Reperitur
567 1021 711 1100 primum,
735 1038 917 1099 quamquam
931 1038 1017 1092 raro,
1040 1019 1070 1078 in
1087 1019 1226 1092 commis,
1250 1017 1302 1096 qui
1317 1017 1457 1078 threnum

324 1105 457 1180 habent,
480 1105 559 1166 inter
576 1113 709 1163 actorem
723 1112 753 1162 et
772 1103 905 1163 chorum.
935 1103 1121 1182 Exemplum
1141 1102 1283 1162 idoneum
1305 1101 1457 1162 exhibebo

324 1193 452 1270 primam
473 1197 525 1248 str.
548 1197 580 1248 et
595 1189 711 1248 antistr.
736 1188 844 1246 commi
865 1187 952 1248 Pers.
970 1209 998 1247 v.
1014 1198 1067 1251 930
1082 1209 1167 1268 sqq.,
1196 1205 1286 1268 quem
1307 1195 1457 1264 aseptem

325 1273 501 1355 proceribus
521 1273 609 1352 regni
624 1272 743 1332 Persici
766 1269 912 1351 deinceps
929 1273 999 1332 cani
1014 1291 1106 1350 supra
1126 1273 1200 1332 satis
1222 1269 1368 1350 probasse
1383 1270 1459 1330 mihi

327 1358 445 1418 videor.

350 1523 355 1532 ,
454 1459 515 1520 Str.
537 1447 761 1534 Προςφθογγόν
776 1471 823 1513 σοι
838 1445 946 1512 νόστον
960 1444 1016 1512 τᾶν

540 1531 728 1616 κακοφάτιδα
743 1530 835 1617 βοάν,
849 1536 1046 1614 κακομέλετον
1058 1527 1109 1598 tia

543 1623 767 1704 Μαριανδυνοῦ
783 1623 974 1702 θρηνητῆρος

543 1706 670 1808 τέμνω,
684 1705 820 1807 τέκνα,

542 1791 733 1872 πολοδακρον
749 1792 847 1870 lexov.

390 1897 519 1964 Antistr.
531 1885 618 1952 Ἥσω
632 1913 677 1952 τοι
691 1889 742 1952 καὶ
756 1886 926 1967 πάνδυρτον

546 1979 688 2054 λαοτταθῆ
709 1976 831 2055 σεβίζων
846 1979 973 2037 αλίτοττα
987 1969 1084 2056 βάρη,

522 2115 525 2122 .
543 2055 655 2136 πόλεως
669 2060 774 2142 γέννας
790 2063 994 2144 πενθητῆρος·

541 2139 671 2226 κλάγξω,
687 2143 803 2224 κλάγξω

547 2223 574 2290 δ’
596 2223 635 2291 αδ
649 2224 719 2310 γόον
733 2225 909 2309 ἀρίδακρυν.

326 2333 396 2413 Quo
412 2337 433 2394 l.
450 2336 516 2394 fere
540 2337 662 2412 singula
682 2336 777 2396 verba
797 2334 855 2393 sibi
873 2334 1058 2413 respondere
1080 2343 1217 2414 apparet.
1247 2335 1346 2396 Simili
1365 2335 1457 2395 modo

327 2420 545 2479 conformatum
561 2428 608 2478 est
623 2439 745 2478 carmen
759 2409 819 2478 ἆττδ
842 2419 956 2494 σκηνῆς
977 2419 1062 2498 Sept.
1078 2429 1131 2482 938
1145 2439 1227 2500 sqq.,
1254 2421 1307 2479 ubi
1322 2439 1400 2502 quae
1417 2421 1456 2480 de

325 2504 475 2582 Polynice
495 2504 652 2581 Antigona
682 2503 854 2578 defleverit,
878 2503 1006 2572 totidem
1032 2503 1135 2563 verbis
1163 2505 1232 2564 aliis
1257 2505 1295 2563 ab
1321 2506 1393 2564 Iam.
1416 2505 1456 2566 de

324 2589 452 2648 Eteocle
473 2589 624 2667 lugentur.
662 2589 769 2649 Simile
792 2590 884 2648 etiam
905 2597 968 2662 est,
997 2588 1079 2669 quod
1102 2587 1398 2672 Cassandrae-quae
1423 2591 1456 2648 in

323 2673 434 2751 Agam.
450 2683 520 2733 sunt
534 2674 682 2732 vaticinia
698 2694 766 2732 eum
780 2673 916 2732 ordinem
928 2673 1058 2748 habent,
1074 2683 1122 2746 ut,
1140 2673 1221 2754 quod
1236 2675 1268 2732 in
1284 2683 1337 2735 str.
1354 2675 1455 2749 fuerit,

327 2757 409 2817 idem
423 2759 454 2816 in
470 2758 588 2816 antistr.
599 2757 652 2816 vel
668 2757 775 2816 eadem
788 2758 840 2817 vel
855 2777 936 2816 nova
951 2759 1084 2835 imagine
1099 2767 1264 2836 repetatur.

385 2843 545 2919 Propriam
567 2842 656 2921 quasi
680 2840 785 2901 sedem
814 2850 844 2902 et
872 2841 1058 2901 domicilium
1084 2843 1139 2901 illa
1166 2844 1383 2904 sententiarum
1405 2863 1453 2902 re·

324 2926 447 3004 sponsio
462 2927 494 2984 in
511 2925 693 2984 carminibus
709 2925 816 3000 habet,
839 2947 918 3008 quae
938 2927 1125 2986 acherontis
1148 2929 1286 2988 omnibus
1308 2927 1454 3006 deinceps

325 3010 453 3087 singulis
471 3019 633 3085 canuntur,
651 3029 776 3090 quorum
792 3020 941 3071 commata
952 3011 1059 3071 brevia
1073 3020 1143 3071 sunt
1159 3021 1189 3072 et
1204 3033 1347 3072 summam
1360 3014 1455 3072 animi

323 3094 581 3173 perturbationem
593 3091 774 3173 exprimunt.
800 3097 897 3174 igitur
913 3117 1003 3177 quum
1018 3097 1150 3156 omnium
1164 3098 1272 3157 animis
1290 3097 1454 3157 earundem

322 3199 422 3238 rerum
438 3181 582 3258 cogitatio
602 3179 791 3253 obversetur,
816 3181 887 3261 quia
905 3201 1012 3240 caussa
1029 3181 1112 3241 illius
1127 3182 1339 3261 trepidationis
1357 3183 1453 3250 omni·

223 3269 229 3282 '
323 3263 379 3322 bus
396 3262 503 3322 eadem
519 3273 580 3336 cst,
609 3266 676 3324 fieri
694 3285 755 3323 non
768 3273 902 3344 poterat,
931 3267 1005 3346 quin
1028 3266 1154 3326 eaedem
1177 3268 1347 3327 sententiae
1363 3267 1455 3326 aliter

325 3367 490 3428 expressae
504 3349 625 3427 saepius
641 3357 840 3409 recurrerent.

384 3432 523 3512 Apparet
544 3441 644 3493 autem
667 3435 752 3494 illam
771 3434 1001 3513 responsionem
1024 3434 1094 3494 ideo
1114 3443 1201 3496 tanta
1221 3444 1285 3495 arte
1309 3435 1453 3494 observa·

322 3525 384 3576 tam
401 3537 484 3591 esse,
512 3519 583 3598 quia
605 3518 711 3578 eadem
731 3528 811 3578 esset
831 3518 1009 3593 stationum,
1037 3539 1112 3600 quas
1131 3529 1270 3580 cantores
1285 3520 1452 3596 haberent;

321 3604 425 3683 itaque
453 3612 690 3662 consentaneum
718 3623 800 3677 esse,
838 3622 964 3683 quorum
986 3613 1134 3664 commata
1155 3605 1213 3664 sibi
1236 3605 1452 3684 respondeant,

319 3693 373 3747 'eos
395 3689 491 3747 fuisse
513 3708 549 3747 eo
566 3688 672 3747 ordine
689 3687 866 3766 dispositos,
888 3687 941 3768 qui
953 3691 1116 3748 maximam
1131 3691 1346 3770 aequalitatem
1361 3709 1451 3768 prae-

320 3772 416 3832 beret.
450 3773 561 3871 Itaque
582 3795 644 3832 non
668 3773 712 3830 ita
739 3772 866 3831 difficile
893 3781 939 3830 est
962 3794 1125 3851 cognosse,
1157 3783 1255 3834 utrum
1287 3775 1452 3834 choreutae

320 3845 395 3914 κατὰ
410 3871 544 3931 στοιχοος
557 3876 597 3915 an
614 3846 689 3914 nurci
709 3845 782 3933 ζογδ
799 3856 939 3935 dispositi
957 3858 1080 3917 fuerint.
1111 3857 1191 3917 Nam
1205 3867 1238 3918 ut
1253 3860 1311 3918 hoc
1327 3868 1408 3932 uter,
1424 3861 1453 3918 si

321 3939 429 3998 chorus
445 3957 486 3999 xv
506 3942 644 4016 personis
665 3949 798 4014 constet,
829 3941 946 4000 eteius
968 3942 1040 4001 ordo
1064 3944 1116 4017 sit,
1146 3944 1198 4022 qui
1220 3932 1295 4002 κατδ
1317 3934 1454 4020 στοιχοδς

320 4031 461 4094 vocatur,
483 4025 577 4101 quina
591 4019 733 4082 carminis
749 4033 898 4084 commata
915 4026 958 4082 ita
975 4036 1149 4105 comparata
1161 4047 1229 4087 esse
1244 4029 1399 4100 invenies,
1417 4037 1453 4086 ut

320 4105 368 4162 bis
381 4105 455 4163 bina
469 4125 571 4164 eorum
587 4106 793 4185 aliquomodo
810 4109 868 4169 sibi
881 4109 1103 4187 respondeant,
1119 4131 1210 4171 unum
1226 4114 1265 4172 sit
1281 4113 1452 4172 solitarium

393 4336 418 4403 l)
433 4339 466 4390 V.
481 4340 523 4388 De
541 4337 640 4388 Wettii
659 4338 691 4388 de
714 4342 837 4408 parallel.
854 4350 939 4409 poett.
960 4346 1043 4397 Hebr.
1064 4349 1275 4412 commentatio,
1296 4365 1366 4414 quae
1382 4348 1453 4413 legi·
1543 4361 1546 4368 ·

320 4409 365 4457 tur
390 4424 460 4473 pone
483 4409 542 4458 eius
566 4412 708 4457 comment.
736 4412 772 4461 ad
794 4414 911 4477 Psalm,
938 4415 985 4464 ubi
1009 4415 1043 4465 de
1068 4417 1179 4479 poetica
1202 4417 1261 4467 eius
1284 4418 1382 4483 parall.
1405 4433 1452 4467 ra-

321 4478 397 4527 tione
420 4477 514 4542 pulcre
533 4476 705 4541 disputatum
721 4485 788 4548 esta
