3246 5328
328 390 369 453 66
566 397 599 448 In
611 397 763 462 fragmenta
784 393 889 462 aliquot
903 397 1045 460 poetarum
1057 395 1229 446 comicorum.

329 559 465 637 Quorum
493 563 588 621 maior
618 579 689 639 pars
720 568 791 617 ante
818 579 866 616 me
891 568 976 618 recte
1003 558 1165 620 emendata
1194 568 1241 617 est
1268 579 1286 616 a
1314 559 1410 620 Seidl.
1437 569 1466 619 et

329 645 439 704 Blomf.

392 731 480 789 Haec
497 751 578 788 nune
594 728 716 807 quidem
739 749 778 787 ex
795 730 848 801 iis,
868 729 995 808 quaein
1014 727 1211 806 Ohoephoras
1226 729 1377 808 Aeschyli
1395 749 1465 787 eon-

329 816 402 888 ieci,
428 815 541 892 selegi3
565 834 646 892 quae
672 816 699 873 si
722 833 784 872 non
814 815 935 872 omnino
958 812 1150 891 displicuisse
1177 813 1377 886 intellexero,
1404 814 1466 872 alia

330 907 401 958 sunt
418 919 499 977 quae
520 919 665 978 promam.
699 896 818 974 Quibus
840 899 866 958 si
883 899 960 956 forte
977 899 1062 973 insit,
1085 898 1168 977 quod
1181 897 1304 975 probari
1319 907 1412 977 queat
1427 898 1465 956 ab

330 1003 428 1063 aequo
444 983 562 1058 iudice,
585 985 649 1042 fere
669 992 829 1060 acceptum
851 982 1045 1042 referendum
1061 993 1107 1042 est
1122 983 1287 1042 duumviris
1303 982 1377 1040 mihi
1394 1003 1463 1042 con-

329 1069 524 1128 iunctissimis
542 1067 603 1128 Ad.
618 1069 763 1146 Emperio
779 1077 810 1126 et
823 1069 858 1125 F.
871 1067 909 1126 G.
925 1068 1177 1139 Schneidewino;
1193 1087 1321 1146 quorum
1336 1069 1465 1126 alterum

328 1173 427 1231 nuper
446 1153 623 1231 Gottingam
644 1154 833 1212 concessisse
852 1151 944 1210 iidem
962 1152 1101 1212 dolemus
1117 1152 1363 1231 gaudemusque3
1381 1152 1464 1210 dole-

330 1259 411 1310 αιαε,
436 1238 518 1317 quod
540 1237 704 1296 carendum
725 1247 772 1296 est
795 1237 975 1296 suavissima
995 1258 1056 1315 qua
1076 1237 1275 1316 iungebamur
1299 1237 1465 1296 studiorum

330 1324 493 1397 societate,
521 1321 705 1401 gaudemus,
733 1321 815 1401 quod
836 1323 888 1380 via
915 1321 955 1379 ad
979 1323 1122 1382 maiorem
1144 1323 1244 1381 locum
1269 1321 1465 1380 obtinendum

330 1417 437 1486 aperta
458 1429 573 1468 summa
594 1427 735 1486 quaeque
764 1407 802 1465 de
821 1407 886 1465 viro
908 1407 1060 1484 exquisita
1074 1408 1213 1466 doctrina
1232 1408 1383 1486 perpolito
1404 1428 1465 1465 nou

331 1494 480 1552 immerito
501 1502 725 1570 exspectamus.

786 1669 1014 1677 ——.-—

859 1843 930 1924 IV.

406 2031 452 2102 In
478 2029 693 2120 fragmenta
714 2030 858 2122 aliquot
884 2035 1081 2127 poetarum
1103 2028 1327 2102 comicorum
1335 2038 1383 2117 *).

384 2303 507 2362 Athen.
520 2312 578 2364 8ο.
591 2290 770 2380 Αντιφανης
781 2304 869 2380 φησι
886 2294 1079 2382 Μακάριοςὸ
1094 2301 1198 2408 βίμς,
1187 2325 1210 2361 ω
1198 2285 1317 2379 δεῖμ
1335 2289 1381 2359 αεὶ
1399 2323 1464 2359 και-

333 2377 387 2444 νὸν
408 2380 501 2465 πόρον
523 2375 725 2464 εὑρίσκειν,
705 2412 743 2460 ως
760 2405 880 2466 μασημα
898 2395 962 2461 ταῖς
979 2385 1139 2467 yvoiiotg’
1122 2408 1185 2463 εχω.
1215 2389 1328 2446 Paucis
1342 2387 1466 2446 mutatis

333 2481 386 2531 aut
399 2473 590 2551 transpositis
603 2493 709 2534 versus
723 2475 840 2554 duplici
854 2476 984 2534 maxime
997 2473 1085 2532 modo
1100 2473 1220 2532 restitui
1234 2481 1371 2552 possunt.
1402 2471 1467 2529 Aut

333 2559 413 2616 enim
428 2557 635 2618 scribendum:

933 2650 1147 2766 Μακάριος

547 2741 684 2821 Οβίοςὲ
670 2729 805 2844 νῷμὴ
814 2731 939 2824 ελειμΗ
922 2741 968 2802 αεὶ
986 2737 1201 2850 aetvivup‘pov
1296 2782 1298 2788 ·

540 2820 686 2904 Εὗρεῖν”
670 2850 750 2902 οπως
763 2823 885 2908 μάσημα
896 2836 960 2902 ταῖς
974 2822 1136 2907 γναθοις”
1118 2851 1181 2906 εχω.

333 2935 400 3000 out,
423 2927 506 3005 quod
522 2932 618 3008 magis
633 2932 752 3008 placet,
774 2942 808 2991 ut
821 2933 915 2992 verbe
933 2935 993 2992 sint
1008 2934 1163 3012 querentis
1180 2953 1245 2990 eum
1261 2931 1358 2989 ironia
1373 2929 1469 2988 mise-

333 3031 398 3070 ram
410 3013 493 3071 vitae
509 3014 623 3074 condit
601 3024 728 3075 tz1onem

500 3107 689 3218 Μακάριοςὸ
708 3117 823 3201 βίος,
811 3101 834 3176 oi
851 3109 943 3198 πόρον
958 3108 1153 3197 ευρίσκειν
1121 3141 1140 3194 μ
1169 3105 1217 3175 cisi

502 3206 562 3262 Δεῖ
571 3194 676 3262 καινὸν
693 3197 732 3274 ὧς
748 3220 869 3280 μασημα
888 3209 951 3274 ταῖς
966 3198 1125 3282 μναθοις”
1107 3224 1171 3280 exoa.

395 3305 474 3364 Ibid.
499 3314 533 3368 63
560 3303 589 3364 d.
623 3304 739 3382 Βολβοί.
770 3298 890 3364 Τούτων
906 3295 1055 3385 Ηρακλῆς
1082 3301 1194 3364 ἐσθίειν
1222 3303 1406 3420 παραιτεῖται
1431 3293 1467 3355 ἕν

329 3377 492 3472 ’ίΑμαλθεα
504 3377 664 3464 Εὗβσυλοο
680 3387 771 3468 λέγων
1429 3403 1442 3445 ·.

502 3479 721 3596 Θερρὸτερρν
702 3484 943 3589 ηκραορότερον
944 3513 968 3589 η
954 3479 1111 3568 μέσως”
1093 3511 1175 3567 εχον,

499 3563 579 3673 τοῦτ’
601 3571 666 3674 ἐσθ’
685 3569 798 3676 ἑκάστῳ
814 3566 949 3673 μεῖζον
929 3565 948 3651 τ’]
966 3575 1076 3653 Τροίαν
1092 3571 1175 3633 ἕλεῖν.

499 3647 583 3758 aoiyoi
592 3650 653 3764 μὰρ
667 3653 702 3719 οὗ
717 3636 871 3722 καυλοῖσιν
886 3650 955 3720 οὐδὲ
971 3659 1113 3741 σιλφίῳ·
1202 3736 1205 3742 ¹

499 3733 565 3802 οὐδ’
587 3736 748 3840 ιεροσυλοις
763 3744 814 3806 καὶ
827 3751 947 3844 πικρμῖς
962 3743 1107 3842 παρρψίσι

498 3817 691 3906 βολβοῖςτἼ
691 3850 802 3905 μαντον
818 3825 968 3912 χορτάσων
984 3822 1115 3904 ἐλήλυθα
1132 3843 1197 3902 sqq.

334 3931 486 3989 Hercules
503 3932 581 3988 viles
596 3930 679 3989 eibos
696 3930 889 4009 deprecatur,
908 3954 982 4012 quos
998 3945 1179 4009 quoeunque
1193 3919 1317 3980 modo
1294 3937 1359 3976 slve
1374 3917 1465 3992 frigi-

334 4014 389 4073 dos
414 4017 479 4074 sive
496 4013 720 4074 fervidos'mve
735 4025 902 4094 temperato
918 4015 1049 4095 quodam
1070 4012 1171 4070 calore
1193 4004 1349 4085 appositos
1366 4021 1464 4060 eome-

335 4099 407 4158 dere
425 4101 522 4158 maius
543 4101 583 4158 sit
602 4119 692 4179 quam
712 4101 838 4160 Troiam
859 4104 984 4176 cepisse.
1018 4096 1109 4158 Unde
1124 4100 1252 4173 appare
1266 4109 1320 4169 pro
1336 4075 1463 4165 κραυρό-

238 4202 241 4206 ’
334 4203 419 4262 τερον
432 4183 624 4243 scribendum
637 4205 704 4244 esse
718 4175 927 4262 κρατερώτερον.

373 4402 429 4523 13²3)
448 4405 491 4455 nx
508 4406 717 4457 zimmernanni
736 4403 813 4453 Dior.
833 4405 925 4468 Antiq.
945 4402 1022 4452 slus.
1041 4421 1067 4454 a.
1086 4405 1357 4456 uoccexxxvun
1372 4421 1391 4453 n
1417 4390 1466 4449 131
