3246 5328
539 421 581 473 Dc
599 420 726 488 Aeschyli
741 417 951 488 Agamemnone.
1235 478 1238 484 ,
1266 418 1306 480 43

177 607 261 646 suam
279 585 427 645 derebus
445 586 556 645 divinis
572 585 754 644 sententiam
773 583 923 644 Calchant
924 587 934 644 i
911 590 1090 666 tt‚opp0ni
1062 599 1090 648 t·
1111 610 1140 648 v.
1162 573 1307 654 tlh—239

176 692 226 731 res
242 692 260 729 a
275 669 426 729 Calchant
414 680 445 729 te
467 670 639 748 praedictas
658 669 799 747 exponit,
816 689 895 748 quae
909 681 1051 730 eventum
1066 674 1236 749 habuerint,
1254 675 1306 742 de·

177 757 270 836 nique
293 775 360 835 sqq.
381 777 433 815 vv.
459 755 499 814 ad
521 771 570 813 rcs
592 774 610 810 a
625 752 793 812 Calchante
810 754 983 852 praedictas
999 758 1107 816 transit
1114 779 1217 837 ,quac
1233 781 1306 818 non·

178 841 248 914 dum
264 849 407 898 eventum
422 839 595 898 habuerint
640 836 728 896 Haec
744 839 845 896 omnia
867 847 966 897 autem
982 861 1019 898 eo
1038 804 1164 899 consilio
1180 863 1199 900 a
1216 845 1306 902 choro

179 934 387 1002 exponuntur,
411 933 445 982 ut
460 942 582 982 caussas
605 921 820 980 sollicitudinis
844 942 918 980 suae
940 925 1067 1002 aperiat.
1112 924 1218 983 Verba
1242 948 1306 986 cor·

177 1019 282 1087 rupta,
302 1028 382 1106 quae
388 1016 579 1104 sequuntur,
581 1005 711 1104 vulgo
703 1015 746 1064 rta
760 1006 917 1101 leguntur:

306 1079 395 1150 Ticd’
417 1080 561 1150 ἔνθεν”
523 1109 576 1148 ουτ
581 1079 742 1147 ἐἷᾶον”
705 1077 767 1148 ovr'
785 1085 907 1148 ἐννέπω.

307 1173 414 1251 Τέχναι
430 1172 461 1234 δέ
477 1166 646 1250 Κάλχαντος
660 1161 716 1232 οὐκ
730 1164 884 1252 ἄκραντοι.

307 1259 387 1317 Δίκα
403 1255 435 1318 δέ
449 1262 511 1330 τοῖς
527 1254 580 1334 μέν
594 1258 727 1316 παθοῦσι

304 1347 434 1402 Μαθεῖν
448 1338 597 1418 ἐπιρρέπει
611 1361 643 1400 το
633 1331 778 1443 μέλλον

308 1417 349 1486 Τὸ
362 1425 394 1488 δέ
411 1424 571 1504 προκλύειν
592 1421 656 1486 ἐπεὶ
670 1413 821 1503 γένοιτ’
799 1447 839 1484 αν
853 1416 973 1500 ἥλοσις,
989 1422 1179 1504 προχαιρέτω.

309 1501 391 1570 Ἴσον
407 1509 439 1572 δέ
447 1532 491 1609 τῳ
480 1507 687 1610 προστένειν.

309 1585 405 1673 Τορόν
418 1586 475 1674 γὰρ
473 1571 553 1670 ἥξει
572 1586 745 1672 σύνορθρον
762 1585 877 1672 αὐγαῖς.

244 1669 288 1738 Tol
310 1677 402 1738 ἔνθεν
418 1681 514 1741 Well
534 1680 613 1739 false
627 1681 733 1740 vertit:
766 1678 854 1756 Quae
870 1678 983 1738 exinde
997 1678 1078 1758 (post
1093 1678 1248 1754 abreptam
1264 1679 1308 1759 (i)

178 1764 381 1843 Iphigeniam)
401 1767 582 1840 factasunt
601 1766 690 1824 immo
710 1763 929 1840 vertetQuae
944 1784 1005 1822 non
1019 1765 1102 1822 facta
1117 1774 1200 1841 sunt3
1218 1767 1308 1826 intel·

177 1850 281 1926 ligitur
308 1851 388 1910 eninr
409 1851 559 1928 posterior
581 1870 653 1928 pars
679 1849 818 1908 vaticinii
843 1847 1020 1908 Calchantis
1044 1847 1083 1907 de
1103 1848 1206 1924 malis,
1229 1870 1309 1929 quas

178 1933 311 1993 nondum
339 1944 481 1994 eventum
499 1934 679 1994 habuerant.
729 1934 779 1992 Ea
804 1953 837 1992 se
859 1932 989 1992 necdum
1013 1932 1127 1992 vidisse
1157 1935 1200 1992 ait
1221 1934 1310 2014 (quia

179 2018 313 2078 nondum
329 2016 522 2097 evenerunt),
537 2039 638 2098 neque
651 2038 732 2078 nunc
749 2015 850 2076 dicere
866 2017 972 2075 ominis
986 2037 1088 2076 causa.
1116 2005 1182 2075 Oria
1197 2013 1310 2078 ἐννέπω

181 2103 261 2162 enim
277 2102 472 2164 abominandi
496 2102 626 2162 formula
646 2110 706 2173 est,
728 2110 761 2159 ut
781 2120 817 2158 ον
840 2097 914 2178 λέγω
931 2101 1012 2159 infra
1032 2122 1062 2158 v.
1083 2110 1145 2164 845.
1190 2103 1309 2162 Tamen

181 2194 330 2246 eventura
346 2189 375 2248 ei
392 2207 572 2266 persuasum
584 2194 638 2259 est,
654 2187 726 2264 quia
740 2205 789 2244 ars
805 2184 981 2244 Calchantis
995 2193 1107 2244 eventu
1121 2205 1182 2244 non
1194 2197 1309 2246 careat.

180 2271 387 2368 Sequentibus
399 2271 501 2330 verbis
516 2273 577 2340 τοῖς
591 2268 725 2328 παθοῦσι
741 2272 852 2366 μαθεῖν
868 2278 996 2362 apparet
1017 2270 1048 2327 in
1068 2277 1201 2328 mentem
1220 2292 1309 2330 revo-

181 2355 244 2412 cari
251 2376 356 2454 ,quae
369 2357 456 2415 initio
468 2355 609 2415 carminis
626 2353 705 2412 dixit
719 2372 771 2412 τον
788 2344 881 2411 πάθει
890 2343 988 2428 μάθος
999 2349 1092 2411 θέντα
1105 2351 1241 2428 νορίως”
1223 2375 1307 2432 εχειν.

181 2401 273 2516 Quod
291 2441 370 2499 enim
386 2441 430 2499 alt
418 2449 482 2500 tero
496 2440 563 2499 loco
581 2439 702 2511 Iovem,
724 2439 841 2496 altero
832 2439 978 2496 rustitiam
997 2437 1131 2496 divinam
1145 2441 1260 2516 posuit
1233 2439 1310 2500 tid

143 2551 145 2555 v
180 2524 273 2602 plane
288 2524 328 2583 ad
345 2524 426 2584 idern
439 2525 533 2598 redit,
549 2533 583 2583 ut
597 2543 688 2601 supra
701 2524 812 2582 monui.
844 2521 936 2582 Unde
953 2530 1035 2581 certo
1050 2534 1227 2599 argumento
1244 2526 1309 2583 effi·

181 2609 258 2667 citur
282 2617 351 2688 post
373 2604 524 2688 ἐπιρρέπει
547 2606 839 2685 interpungendum,
865 2626 978 2665 nexum
1004 2615 1105 2665 autern
1126 2607 1207 2666 hunc
1230 2629 1309 2668 esse.

182 2692 273 2752 Chori
288 2695 387 2752 animo
402 2694 579 2754 obversatur
593 2691 779 2767 sollicitudo,
801 2693 865 2750 eius
881 2689 1093 2750 sollicitudinis
1110 2711 1202 2750 causa
1215 2695 1309 2750 conti-

180 2786 270 2836 netur
283 2778 370 2837 malis
381 2798 399 2836 a
411 2777 582 2838 Calchante
599 2776 780 2854 praedictis3
798 2797 836 2835 ea
852 2775 933 2834 mala
946 2776 1025 2834 enim
1040 2796 1223 2856 quamquam
1238 2779 1309 2835 omi-

181 2862 228 2919 nis
244 2882 336 2921 oausa
352 2883 433 2921 nunc
447 2861 584 2942 pluribus
605 2862 749 2940 persequi
770 2861 863 2933 nolit,
887 2869 1035 2920 eventura
1051 2860 1174 2920 confidit
1186 2870 1310 2939 propter

182 2944 334 3022 duplicem
349 2966 495 3020 caussam,
511 2946 661 3026 tumnquia
674 2942 907 3004 arsCalchantis
924 2953 1036 3003 eventu
1049 2966 1112 3004 non
1122 2954 1234 3019 careat,
1249 2953 1312 3004 tum

182 3031 255 3108 quia
269 3031 384 3090 iustitia
399 3029 504 3090 divina
518 3031 605 3090 malis
621 3029 765 3104 corrigat,
787 3028 919 3108 ideoque
935 3029 1103 3088 timendum
1118 3030 1171 3101 sit,
1186 3049 1226 3087 ne
1245 3051 1309 3089 sce-

181 3113 229 3172 lus
251 3113 289 3171 ab
303 3114 534 3192 Agamemnone
556 3114 710 3170 immolata
730 3112 794 3170 filia
815 3113 1006 3172 commissum
1022 3113 1138 3190 puniat.
1182 3113 1231 3172 Ita
1252 3114 1311 3174 hoc

182 3198 249 3256 loco
274 3199 396 3274 egregie
422 3200 606 3269 illustratur,
633 3217 686 3254 cur
711 3197 797 3254 initio
825 3197 966 3256 carminis
990 3197 1073 3256 dicat
1094 3205 1212 3256 tantum
1234 3198 1310 3257 Iove

183 3281 386 3358 comparando
402 3302 436 3340 se
449 3281 572 3340 edoceri
589 3300 695 3357 posse,
711 3301 783 3338 num
798 3280 970 3340 sollicitudo
989 3280 1163 3340 abiicienda
1178 3282 1227 3340 sit.
1261 3282 1311 3340 Ita

183 3366 263 3424 enim
277 3363 513 3424 sollicitudinem
528 3363 610 3422 haud
625 3365 748 3422 inanem
762 3364 828 3422 fore
845 3374 875 3423 et
893 3365 974 3422 mala
988 3365 1128 3443 praedict
1130 3384 1148 3422 a
1162 3374 1311 3424 eventura

182 3456 284 3527 putat,
306 3449 332 3506 si
353 3446 475 3507 divinae
494 3448 628 3507 iustitiae
647 3447 699 3506 lex
721 3468 758 3506 ea
771 3449 853 3506 mala
865 3449 1010 3526 postulet
1053 3449 1132 3506 In”
1112 3470 1164 3522 us,
1184 3467 1263 3527 quae
1279 3471 1309 3509 v.

182 3541 235 3594 243
250 3541 432 3630 sequuntur,
449 3532 599 3630 glossema
614 3530 763 3610 aliquod‘
755 3551 855 3590 messe
870 3540 998 3590 metrum
1016 3531 1116 3590 docet.
1160 3531 1310 3591 Herman-

182 3636 240 3676 nus
264 3607 297 3674 τὸ
317 3606 526 3691 apostatant
553 3605 659 3690 ἤλυσιν
684 3611 881 3710 προχαιρέτω
911 3615 963 3674 alii
990 3615 1081 3672 aliter
1103 3623 1309 3672 correxerunt.

181 3700 260 3759 Mihi
272 3703 344 3780 quia
356 3708 481 3779 propter
496 3699 714 3758 sententiarum
728 3719 841 3757 nexum
852 3686 884 3756 τὸ
902 3694 1007 3773 μέλλον
1019 3697 1058 3756 ad
1074 3717 1140 3776 sqq.
1157 3698 1310 3793 pertinere

183 3804 360 3882 persuasum
381 3795 460 3880 erat,
478 3803 540 3844 non
557 3782 680 3840 dubium
694 3782 855 3842 videbatur
869 3781 1033 3859 legendum
1053 3801 1135 3840 esse·
1156 3801 1189 3839 το
1181 3769 1311 3856 μέλλον

184 3858 211 3924 δ’
225 3861 288 3926 ἐπεὶ
298 3856 450 3946 γένοιτ
431 3890 470 3926 αν
484 3859 599 3936 κλοοις·
622 3862 810 3944 προχαιρέτω.
838 3867 953 3926 Postea
964 3865 1029 3924 vrdr
1039 3866 1231 3944 hanc1psam
1243 3886 1310 3926 esse

184 3953 348 4012 lectionem
366 3953 481 4013 codicis
492 3951 687 4023 Tricliniani,
704 3971 794 4030 quam
809 3951 1005 4010 Wellauerus
1020 3949 1147 4009 laudare
1162 3951 1309 4027 neglexit,

183 4037 243 4095 nisr
234 4035 341 4116 quod
356 4034 410 4096 δέ
402 4060 433 4097 ιιι
445 4036 549 4096 codice
569 4037 710 4094 omissum
726 4044 781 4094 est.
824 4033 1006 4114 Corruptela
1019 4034 1102 4094 unde
1117 4044 1182 4094 orta
1199 4036 1248 4108 sit,
1265 4036 1310 4094 fa-

186 4121 244 4178 cile
268 4121 416 4199 explicari
437 4128 550 4217 potest3
573 4109 605 4177 τὸ
629 4112 789 4195 προαλύειν
805 4121 884 4178 enim
899 4119 1095 4222 sequentibus
1111 4140 1129 4178 a
1143 4119 1310 4216 glossatore

185 4205 434 4301 superscriptum:
454 4193 487 4262 τὸ
500 4197 706 4303 προνλνειν
690 4217 756 4260 ισον
772 4203 817 4299 τῷ
822 4199 1012 4297 προστένειν.
1054 4203 1134 4262 Rob.
1153 4194 1310 4274 αννλιέοις,

183 4278 325 4385 ανηλνοις
338 4288 422 4360 Ald
438 4309 476 4345 αν
491 4279 593 4360 diriore
607 4275 780 4365 Guelph,
766 4308 805 4344 αν
818 4275 920 4361 areca
929 4289 1024 4346 Turn
1028 4273 1309 4386 ,ανὴλύσιςλλοᾶ.

185 4373 265 4430 Vict.
279 4361 319 4428 Ἡ
331 4362 412 4441 λνσις
427 4373 477 4430 vel
493 4363 597 4445 ἥλνσις
610 4372 780 4450 profectum
793 4370 916 4430 videtur
930 4391 949 4430 a
964 4335 1058 4431 sciolo
1064 4372 1136 4450 ,qui
1158 4371 1310 4430 senarium

187 4475 219 4514 se
237 4455 374 4514 effecisse
390 4455 546 4533 gauderet
