3254 5304
289 433 348 492 156
493 435 738 488 Coniectaneorum
755 435 783 486 in
796 435 891 504 poetes
906 451 1021 502 graccos
1036 435 1126 505 capita
1141 435 1205 490 duo.

497 587 619 662 Totcivd’
641 595 743 659 ἔπειθε
758 587 874 676 ῥήσιν’
858 593 933 677 αμφ’
951 589 1053 701 ἡμῶν
1052 597 1144 680 λέγων

492 679 586 758 ’Ἁναξ
607 684 785 784 Πελασγῶν,
803 683 913 744 ἱκεσίου
929 689 1002 758 Διος
1017 705 1106 745 ιιοτον

477 768 607 867 Μέγαν
621 771 788 850 προφωνῶν
800 763 911 870 μήποτ
897 760 1037 830 ἐἰσόπιν
1047 764 1167 871 χρόνον

498 848 594 915 Πόλιν
613 855 796 934 παχῦναι,
816 845 969 928 ξενικόν’
952 873 1076 916 αστικον
1095 845 1130 915 θ
1147 844 1209 960 666

496 938 603 1038 Λόγων
619 939 744 1001 διπλοῦν
763 941 872 1019 μίασμα
887 934 945 1016 πρὸ
959 933 1070 1014 πόλεως
1086 938 1182 1018 φανὲν

492 1016 661 1104 Ἀμήχανον
676 1021 810 1106 βόσκημα
825 1027 962 1104 πημονῆς
976 1023 1083 1086 πέλειν.

286 1131 347 1190 Pro
364 1151 439 1191 vocc
455 1131 624 1208 προφωνῶν
640 1132 670 1190 in
693 1129 843 1190 codicibus
859 1120 1003 1208 πρόφρων
1019 1117 1061 1188 olo
1078 1139 1179 1190 exstat
1186 1130 1290 1230 ‚quod
1310 1133 1417 1192 vitium
1463 1187 1472 1204 ,

288 1216 368 1276 Cant
356 1225 438 1276 torus
458 1217 610 1278 emendat'
589 1226 670 1276 t1one
691 1236 780 1298 quam
800 1217 952 1295 posuimus
978 1215 1107 1274 sustulit.
1139 1176 1227 1276 Sed'
1219 1227 1416 1296 msequentes

288 1300 420 1361 editores
443 1304 665 1362 constructione
688 1321 747 1360 non
767 1301 911 1380 expedita
931 1301 983 1360 vel
996 1321 1072 1360 voce
1087 1295 1231 1378 παχύνειν
1246 1323 1306 1360 non
1327 1303 1415 1362 intel·

286 1386 369 1444 lecta
384 1386 485 1446 locum
505 1397 676 1467 corruptum
690 1385 842 1445 habebant
850 1387 929 1466 ‚qui
943 1394 1066 1466 praetor
1081 1395 1218 1465 apertam
1232 1387 1318 1447 illam
1333 1409 1415 1453 men-

287 1469 357 1528 dam
377 1491 396 1528 e
416 1471 548 1532 Cantero
572 1473 721 1534 sublatam
744 1490 834 1530 sanus
863 1479 917 1530 est.
961 1471 1103 1545 „Vetans
1130 1492 1171 1531 ne
1201 1473 1308 1532 civitas
1332 1473 1416 1532 Iovis

287 1576 428 1632 magnam
455 1559 530 1618 iram
551 1560 616 1619 alat
639 1578 703 1658 sqq
713 1558 730 1588 “
764 1554 963 1616 Confirmatnr
987 1575 1025 1614 ea
1044 1557 1286 1636 interpretatio
1278 1559 1315 1617 1is
1336 1578 1416 1638 qnae

286 1641 423 1718 proxime
445 1653 577 1723 seqnunt
578 1665 628 1716 ur,
653 1644 685 1702 in
707 1640 818 1738 quibus
838 1661 894 1700 rex
917 1639 1054 1700 eadem
1045 1643 1178 1719 imagine
1202 1643 1303 1720 pergit
1324 1639 1416 1722 λέγων

286 1723 411 1784 διπλοῦν
427 1727 590 1808 μίασμα-
591 1720 757 1805 ἀμήχανον
775 1717 948 1802 βόσκημα
968 1725 1106 1801 πημονῆς
1122 1723 1231 1786 πέλειν.

348 1811 433 1871 Inter
448 1814 619 1892 fragmenta
632 1812 779 1892 Aeschyli
795 1832 833 1870 ox
845 1811 1062 1914 Etymologico
1071 1810 1254 1889 Gudianop
1272 1821 1319 1876 321
1338 1812 1416 1871 haec

288 1895 453 1956 efferuntur
476 1897 628 2000 (Dindorf.
655 1899 689 1956 fr.
718 1895 800 1993 216)·
828 1889 998 2002 ,,κίιιος,ή
1026 1887 1158 2002 δῦναμις.
1196 1885 1416 1994 Ἀπολλόδωρος

287 1973 423 2056 λκμας-
438 1980 488 2042 καὶ
502 1977 690 2083 Αἰσχῦλοςέν
707 1973 844 2078 Σισῦφφ
848 1976 1070 2040 κατθανόντων
1084 1978 1159 2041 εἰσὶν
1174 1971 1230 2041 οῦκ
1245 1973 1413 2080 ἒνεστιγμό-

285 2079 328 2123 σει
343 2087 379 2124 τα
392 2056 483 2125 σολδ
503 2057 558 2127 οῦκ
574 2065 666 2128 ἔνεστι
683 2064 763 2137 sing
779 2053 844 2124 οὐδ’
865 2059 1038 2145 αἱμόῤῥντοι
1059 2070 1099 2141 φλ
1101 2063 1165 2143 όβες
1179 2059 1339 2126 θανόντων
1356 2087 1414 2142 φη-

282 2141 502 2229 σλνᾶψῦχοις.“
536 2153 634 2214 Valde
656 2153 733 2212 haec
754 2152 882 2211 turbata.
914 2153 1020 2212 Priora
1040 2152 1182 2212 Dindorf.
1204 2153 1315 2211 hunc'
1307 2173 1339 2212 m
1354 2172 1414 2210 mo

285 2235 355 2294 dum
369 2237 503 2315 legenda
518 2246 635 2298 censet:
658 2224 785 2294 αἶαν’
752 2256 808 2294 ουκ
823 2234 906 2295 ἕνεστ
910 2225 1062 2314 ’ἰκμασία
1098 2237 1161 2298 Sed
1180 2237 1273 2296 facilc
1289 2245 1417 2342 apparet.

285 2320 345 2379 duo
366 2323 535 2420 fragmenta
559 2322 707 2382 contineri
734 2331 765 2381 et
786 2322 882 2381 verba
899 2322 1007 2382 hunc'
998 2344 1030 2383 1n
1043 2321 1166 2381 modum
1180 2321 1315 2422 legenda
1332 2307 1414 2381 esse:

284 2399 515 2510 23666666626
542 2398 705 2466 olotv'
668 2427 734 2466 ουκ
759 2394 871 2466 ἔνεστ’
903 2399 1145 2484 ἰκμάς“,εἷτα
1174 2395 1315 2481 ,,σολδ’
1345 2395 1415 2464 οῦκ

285 2487 411 2550 ἔνεστι
438 2497 548 2564 κῖκυς
568 2481 647 2550 οὐδ’
678 2483 907 2592 αἱμόρρωτοι
930 2495 979 2566 φλ
985 2488 1131 2568 66.rg“
1139 2491 1415 2572 Ethaecquidem

285 2585 403 2654 aperta3
428 2587 547 2638 caetera
567 2577 715 2675 quomodo
739 2577 848 2654 corrigi
840 2575 1012 2651 ',debeant
1030 2576 1162 2636 dubitari
1179 2583 1288 2655 potest.
1316 2577 1415 2636 Parti-

285 2663 354 2720 cula
369 2659 420 2721 καλ
437 2684 514 2742 quae
531 2671 600 2721 ante
616 2655 775 2720 θανόντων
789 2663 902 2739 legitur
917 2682 956 2721 ex
974 2622 1189 2720 κότθανόντων
1204 2670 1270 2720 orta
1283 2661 1415 2736 videtur,

283 2767 344 2825 qua
368 2748 578 2806 emendatione
601 2745 733 2806 admissa
751 2748 849 2825 prima
869 2767 975 2807 versus
995 2747 1140 2827 syllabe'
1132 2747 1294 2806 intercidit
1325 2747 1413 2807 Post-

282 2850 366 2888 rema
387 2831 481 2890 verba
504 2831 627 2889 alterius
644 2831 808 2908 fragmenti
827 2833 913 2890 vario
932 2830 1019 2890 modo
1036 2833 1144 2909 corrigi
1163 2841 1287 2910 possunt
1293 2877 1300 2906 ‚
1322 2833 1375 2891 et
1367 2853 1417 2890 rn-

285 2923 399 2973 certnm
412 2924 509 2974 utrum
519 2923 629 2994 poetae
644 2916 745 2976 omnia
756 2917 817 2976 sint
831 2937 871 2975 an
887 2917 926 2975 ad
941 2918 1170 2995 grammaticum
1178 2918 1305 2977 verbum
1320 2917 1414 2997 quod-

285 2998 354 3057 dam
362 3002 526 3077 ¹pertinent„

349 3085 412 3144 Sed
427 3087 484 3143 iam
505 3086 674 3163 propinatis
696 3086 744 3144 his
760 3085 799 3144 de
817 3084 975 3167 Aeschylo
999 3085 1226 3164 quaestionibus
1244 3089 1414 3164 Deipnoso-

283 3168 449 3245 phistarum
476 3171 570 3230 instar
599 3191 734 3230 mensam
757 3171 886 3230 alteram
912 3190 1116 3250 apponemus,
1146 3193 1209 3231 non
1235 3171 1415 3232 delicatulas

284 3255 358 3314 istas
376 3254 520 3336 quasdam
536 3255 698 3335 cupedias,
723 3255 778 3316 sed
794 3256 900 3316 itidem
917 3257 1157 3316 coniecturarum
1180 3276 1219 3316 ex
1234 3258 1326 3318 variis
1342 3259 1414 3317 scri-

268 3339 418 3418 ·ptoribns
433 3348 571 3400 saturam.

759 3465 936 3478 t——o-

723 3629 891 3692 Gneus
929 3631 975 3690 ΙΙ.

841 3765 866 3822 1.

344 3864 474 3926 Carmen
488 3868 568 3928 inter
590 3867 755 3927 Homerico
776 3864 848 3924 XV.
871 3864 1013 3923 festivam
1028 3865 1112 3924 illam
1127 3888 1282 3944 puerorum
1297 3864 1412 3924 mendi·

281 3950 412 4008 cantium
429 3953 614 4032 cantilenam
633 3953 781 4024 continet
805 3949 889 4008 cuius
905 3949 955 4008 hic
971 3958 1016 4009 est
1032 3952 1095 4009 exit
1096 3971 1146 4010 us:
1231 3992 1233 3996 -

402 4028 528 4148 Νεῦμαλ
545 4069 605 4122 τοι,
616 4051 730 4148 νεῦμαι
748 4039 954 4119 ἕνιαῦσιος,”
932 4069 1001 4120 ωςτε
1003 4042 1154 4150 χελιδιδν

402 4125 550 4208 Ἕστηκεν
570 4123 627 4210 πρὸ
640 4126 757 4232 θόριχς,
775 4124 851 4210 ψιλή
870 4126 979 4205 πόδας·
994 4124 1069 4195 ἄλλα
1086 4125 1154 4215 φέρ’
1170 4128 1249 4211 αἶψα

406 4215 550 4296 Πέρσαι
573 4218 624 4316 τρῖ
640 4206 844 4276 Ἀπόλλωνι
862 4209 1075 4317 νοιῦτιδος,
1102 4215 1169 4280 καὶ

406 4301 448 4361 El
443 4299 512 4400 μέν
524 4323 553 4360 τι
568 4277 687 4372 δόσεις·
709 4301 736 4360 εἰ
749 4294 837 4362 66
794 4323 853 4377 μή,
868 4293 922 4403 οῦχ
938 4295 1110 4380 ἕστήξομεν,

408 4376 454 4447 06
468 4377 525 4464 νδρ
540 4379 769 4462 συνοικήσοντες
784 4378 891 4445 ἔνθαδ’
907 4381 1048 4465 ήλθομεν.

279 4489 369 4548 Viam
393 4509 453 4570 qua
485 4489 564 4550 heac
602 4488 757 4549 emendari
782 4488 916 4550 debeant
945 4493 1191 4570 commonstravit
1219 4493 1417 4553 amicissimus
