3246 5328
562 423 578 456 a
593 405 669 457 chori
686 405 812 473 partibus
830 407 957 459 cantetis.
1289 399 1329 461 35

199 577 317 647 promtu
333 576 378 627 est
387 566 422 646 ¹).
452 569 613 647 Expliceri
629 577 731 626 eutem
741 577 843 647 potest
854 570 967 646 triplici
982 570 1080 631 modo.
1109 571 1189 630 Nam
1205 579 1257 630 aut
1274 591 1328 649 pu-

200 653 323 711 tandum
348 662 394 711 est
414 653 536 710 chorum
560 662 678 712 tantum
695 672 712 711 e
733 653 828 710 tribus
843 654 943 711 Furiis
960 657 1143 728 constitisse,
1165 677 1245 736 quae
1261 676 1329 714 son-

199 739 295 796 tentia
315 736 502 795 Blomficldii
518 745 565 796 est
584 735 677 795 valde
697 735 903 814 improbabilis
911 734 951 814 ²);
975 748 1027 796 aut
1043 739 1113 798 dum
1129 742 1241 799 Furiae
1256 756 1330 798 σπο-

199 814 294 898 ράδην
312 820 482 900 procedant
502 829 533 879 et
552 821 694 897 singulae
714 829 839 892 canant,
856 828 918 878 tres
938 819 1058 879 demum
1075 823 1199 898 adesse3
1216 833 1247 882 at
1261 845 1329 904 pro·

199 916 266 984 pter
287 907 423 984 longam,
445 924 525 983 quae
548 902 719 977 antecedit,
745 904 911 981 coryphaei
934 906 1100 963 orationem
1124 908 1246 964 chorum
1269 911 1329 967 iem

199 1000 295 1049 totum
312 997 530 1067 congregatum
547 1008 614 1046 esse
631 986 763 1046 dubitari
775 989 898 1066 nequit3
915 987 1133 1068 umdemque,
1150 1010 1241 1068 quarn
1261 1011 1329 1049 con-

201 1077 348 1133 iecturam
367 1091 466 1130 meam
485 1091 590 1130 veram
612 1091 678 1131 esse
699 1093 761 1131 non
783 1071 900 1146 dubito,
924 1073 1083 1132 choreutas
1104 1075 1136 1132 in
1152 1084 1213 1133 tres
1227 1083 1330 1151 partes

201 1159 313 1217 divisos
339 1177 420 1230 esse,
447 1157 575 1233 primum
600 1156 734 1215 ordinem
756 1157 787 1213 in
814 1157 1035 1235 compellendis
1064 1158 1181 1217 duobus
1203 1159 1330 1237 reliquis

200 1251 284 1301 recte
303 1241 386 1300 duali
406 1243 460 1300 uti.
494 1239 687 1320 Quemquam
706 1262 766 1299 non
788 1243 944 1301 universos
963 1241 1098 1316 ordines,
1122 1243 1251 1302 sedtres
1268 1245 1329 1301 Fu·
1361 1238 1364 1246 ’

200 1328 275 1399 rias,
296 1329 342 1384 sui
362 1345 513 1406 quamque
536 1326 648 1384 ordinis
669 1324 777 1398 duces,
801 1335 892 1384 cantu
913 1347 947 1384 se
963 1329 1122 1406 excepisse
1135 1336 1260 1406 propter
1274 1348 1329 1386 nu-

201 1431 311 1484 meros,
334 1413 386 1490 qui
407 1410 542 1487 singulos
570 1419 709 1468 cantores
735 1411 891 1488 requirere
912 1409 1069 1486 videntur,
1093 1412 1251 1490 probabile
1273 1422 1328 1472 est.

201 1493 359 1554 Commota
373 1514 428 1555 sex
442 1503 513 1554 sunt
519 1489 554 1573 ³),
571 1503 601 1553 et
616 1514 738 1554 carmen
753 1494 834 1553 hunc
849 1496 881 1555 in
892 1495 1014 1580 modurn
1026 1496 1260 1556 describendum
1273 1506 1328 1557 est.

643 1589 865 1674 Πρωτοοτιὶται.

418 1670 496 1756 Ὅρα
510 1669 564 1755 ὅρα
578 1667 646 1756 μάλ’
664 1677 751 1758 ον’),

429 1756 584 1824 λεύσσετον
601 1755 699 1824 πάντα
713 1753 754 1840 μὴ

429 1841 511 1932 λάθῃ
526 1841 626 1928 φύγδα
639 1839 695 1928 βολς
709 1839 894 1926 ματροφόνος
909 1836 1017 1921 ἆτίτας.

647 1944 888 2026 Δεοτεροστοὶται.

419 2024 489 2092 “Od’
504 2015 574 2092 αὖτέ
586 2025 618 2111 μ’
635 2018 690 2093 οὖν
704 2021 799 2090 ιἰλτιολν
814 2031 888 2110 ἔχων
902 2031 969 2112 περὶ
985 2030 1080 2110 βρέτει

334 2191 338 2199 Ι
432 2114 572 2193 πλεχθεὶς
589 2119 663 2189 θεᾶς
678 2108 830 2194 ἀμβρότου

431 2193 575 2275 ὑπόδικος
592 2199 675 2262 θέλει
691 2197 950 2278 γενέσθαιχερῶν.

669 2296 867 2378 Τριτοστάται.

433 2375 473 2445 Τὸ
489 2378 517 2444 d'
536 2377 572 2444 ori
586 2380 741 2461 reciprocae·
757 2378 833 2464 αἷμα
849 2383 988 2465 μητρῷον
1003 2379 1091 2460 χαμαὶ

433 2464 665 2549 ὃοςαγκόμιστον
680 2474 786 2529 παπαῖ.
1187 2463 1192 2472 ’

426 2545 458 2613 vd
475 2545 574 2635 διερὸν
586 2554 665 2638 πέδῳ
681 2551 806 2634 χυμένον
821 2551 940 2631 οἴχεται.

617 2646 833 2735 Πρωτοστῶται.

426 2731 505 2800 Ἀλλ’
518 2729 694 2800 ἀντιδοῦναι
707 2740 753 2800 δεῖ
760 2727 788 2798 u'
799 2726 859 2797 ιἰπό
871 2735 977 2807 ζῶντος
993 2733 1099 2810 ῥοφεῖν

432 2815 564 2903 ἐρυθρὸν
584 2823 616 2885 έιι
632 2823 743 2902 μελέων
757 2821 900 2884 πέλανον·
914 2809 973 2878 ιἰπό
990 2817 1021 2880 δὲ
1037 2822 1093 2879 σοῦ

430 2903 544 2988 βοσκὰν
559 2910 704 2990 φεροίμαν
719 2901 857 2985 πῶματος
871 2897 1032 2977 ὅυςπότου·

432 2993 483 3054 καλ
499 2989 594 3065 ζῶντά
608 2987 637 3054 o'
659 2983 811 3073 loxvoivoo'
829 2982 976 3066 ἆπιὶξομαι
993 2982 1081 3050 κάτω.

647 3082 885 3170 Δεοτεροσιάται.

430 3167 639 3248 Ἀντιποίνους
653 3177 743 3247 τίνεις
757 3167 948 3252 μητροφόνας
966 3165 1045 3244 δύας.

431 3250 502 3334 ὄψει
522 3257 553 3320 δὲ
567 3259 619 3318 τιεῖ
630 3282 673 3330 τις
688 3251 775 3330 citior
792 3251 890 3334 ἤλιτεν
904 3258 1020 3338 βροτῶν

431 3331 451 3414 ἢ
468 3333 542 3402 θεὸν
557 3335 577 3418 ἢ
593 3341 677 3415 ξένον
691 3337 748 3401 τιν’
766 3332 883 3420 ἆσεβῶν

432 3418 453 3500 ἥ
468 3424 569 3496 τοκέας
586 3425 703 3502 φίλους,

436 3502 538 3586 ἔχονθ’
558 3506 680 3568 ἕκαστον
695 3510 747 3586 τῆς
762 3508 846 3578 δίκας
864 3500 977 3578 ἐπάξια.

672 3601 870 3687 Τριτοστοῖται.

437 3692 542 3773 Μέγας
557 3684 730 3774 μῶρ”Αιδης
745 3689 824 3752 ἐστὶν
839 3683 969 3760 εὔθυνος
984 3687 1116 3766 βροτῶν,

271 3885 299 3950 2)
320 3885 413 3934 Herm.
438 3883 471 3935 dc
493 3881 541 3934 ch.
567 3883 645 3932 Eum.
670 3878 811 3943 1.=p.v1.
852 3876 956 3940 Reisig.
977 3873 1012 3923 ed
1031 3870 1113 3935 Soph.
1134 3868 1201 3920 Oed.
1225 3867 1282 3918 Col.
1301 3884 1328 3932 p.

202 3957 263 4004 crit.
289 3972 315 4019 p.
343 3955 468 4004 XXXIV.
504 3951 653 4016 Vulgatam
681 3947 831 3998 defendunt
853 3945 957 3994 Buttm.
983 3958 1022 4007 gr.
1054 3957 1094 4005 gr.
1124 3939 1188 3987 mai.
1215 3955 1242 4003 p.
1268 3935 1327 3987 348.

204 4023 286 4073 Seidl.
307 4023 340 4072 de
358 4040 403 4074 vv.
424 4021 528 4072 dochm.
550 4038 576 4086 p.
596 4018 644 4070 43.
665 4015 834 4082 argumentis
852 4013 913 4077 usi,
936 4029 1005 4080 quae
1024 4026 1090 4060 vera
1108 4023 1240 4060 essenon
1258 4007 1330 4056 arbi·

202 4098 268 4142 tror.
340 4091 367 4156 2)
390 4094 422 4142 V.
443 4092 511 4141 Eius
529 4089 620 4139 Preef.
645 4088 681 4136 ad
702 4083 800 4136 nescu.
824 4085 900 4133 Pers.
967 4081 994 4146 3)
1017 4081 1109 4130 Herm.
1130 4078 1163 4128 de
1182 4077 1231 4127 ch.
1250 4077 1328 4126 Eum.

202 4163 224 4211 Ι.
250 4177 276 4226 p.
297 4161 329 4210 15
356 4165 460 4225 septem
483 4164 620 4210 commoto
644 4171 703 4208 esse
727 4154 809 4216 dicit,
839 4152 902 4202 inde
927 4168 987 4202 esse
1010 4147 1160 4201 verisimile
1184 4151 1255 4226 post.
1277 4145 1331 4209 pri-

202 4247 273 4279 mam
296 4245 441 4295 personam
466 4231 562 4294 quater
587 4228 619 4278 de
643 4225 732 4285 binis,
759 4224 802 4273 bis
826 4223 858 4271 do
881 4221 967 4271 ternis
994 4236 1077 4270 unam
1100 4215 1206 4281 aliquid
1230 4215 1329 4264 drcere.

202 4299 229 4363 4)
245 4299 321 4350 Nihil
342 4300 499 4348 offensionis
525 4297 625 4348 habere
647 4294 772 4354 videtur,
792 4291 865 4356 quod
889 4292 984 4342 eadem
1002 4290 1085 4339 Furio
1105 4287 1219 4352 primum
1238 4284 1330 4345 singu-

201 4369 253 4418 lari
278 4357 346 4429 dou,
366 4367 430 4417 dein
448 4367 523 4417 duali
544 4359 693 4415 λεύσσετον
710 4362 805 4411 utitur.
825 4360 911 4410 Initio
929 4361 1001 4412 enim
1027 4359 1063 4407 ad
1081 4355 1250 4411 alterutram,
1269 4365 1330 4398 mox

202 4439 238 4487 ad
258 4436 368 4498 ambos,
388 4451 458 4499 quae
481 4435 604 4499 reliquae
621 4435 696 4494 eunt,
713 4430 814 4481 Furius
834 4443 980 4494 earumque
998 4427 1111 4476 comites
1130 4433 1261 4472 conversa
1278 4423 1329 4468 est.

1060 4506 1109 4564 3*
