3254 5304
327 357 385 418 184
687 357 728 408 De
744 356 933 423 interregibus
947 355 1086 408 Romanis.

322 534 391 586 rent
404 525 524 597 Latrm
549 545 609 584 non
629 523 876 603 perspexissent3
897 519 989 600 quarn
1008 541 1069 580 non
1091 522 1184 580 aliam
1206 522 1300 582 fuisse
1324 532 1464 602 apparet,

324 631 414 692 qnam
429 608 510 690 quod
524 629 665 685 regnum,
690 605 770 687 quod
790 606 869 666 inter
882 615 1044 686 utramque
1065 615 1186 683 gentem
1202 607 1385 681 alternaret,
1400 609 1463 668 Ro-

322 696 405 756 mulo
418 714 490 772 rege
505 694 616 752 Latino
629 701 746 750 mortuo
761 692 845 770 pacti
858 690 928 768 lege
947 689 987 748 ad
999 690 1129 750 Sabinos
1143 693 1320 770 pertineret.
1348 694 1465 754 Verum

326 780 442 840 demtis
451 777 574 837 fabulae
597 777 760 836 involucris
782 797 883 836 nonne
907 777 1101 855 perspicuum
1122 785 1170 836 est
1191 777 1310 840 ostendi
1332 779 1464 840 eandem

324 866 473 924 rationem
495 882 585 942 quam
611 861 649 920 de
669 863 843 938 interregno
863 861 1097 939 proposuimus?
1129 871 1164 921 ut
1189 863 1317 924 alternis
1343 865 1463 924 vicibus

324 970 420 1028 penes
435 948 546 1007 alteros
561 967 688 1023 regnum
702 966 798 1024 penes
814 946 925 1006 alteros
937 947 1144 1025 interregnum
1158 969 1238 1008 novo
1249 950 1316 1027 regi
1330 949 1464 1010 creando

325 1035 420 1094 fuisse
435 1040 612 1091 statuamus.
967 1101 970 1108 .

388 1121 492 1196 Reges
508 1116 689 1176 creabantur
700 1135 761 1174 non
777 1135 795 1173 a
809 1115 923 1193 populo
937 1114 992 1174 sed
1007 1135 1026 1173 a
1041 1125 1159 1188 senatu,
1175 1116 1228 1174 vel
1242 1117 1351 1195 potius,
1367 1118 1393 1176 si
1408 1139 1464 1178 nos

326 1203 431 1276 audis,
454 1223 491 1262 ea
506 1211 677 1261 senatorum
694 1208 795 1278 parte,
816 1220 912 1277 pones
932 1221 1008 1280 quos
1029 1201 1233 1278 interregnum
1250 1200 1356 1278 erat').
1394 1202 1464 1280 Quo

326 1290 409 1348 facto
430 1289 564 1346 interrex
581 1286 711 1344 comitiis
734 1285 858 1344 curiatis
878 1286 1067 1361 rogationem
1087 1285 1222 1358 ferebat,
1245 1286 1364 1346 vellent
1379 1287 1462 1346 iube·

326 1381 435 1434 rentne
457 1391 526 1430 eum
545 1391 649 1448 regem
671 1390 754 1444 esse;
775 1377 809 1427 ut
828 1369 934 1448 populi
955 1389 992 1428 ea
1009 1378 1126 1430 tanturn
1140 1379 1274 1448 potestas
1290 1379 1386 1444 esset,
1401 1393 1465 1452 qua

326 1478 430 1534 regem
446 1457 660 1516 confirmarent
673 1463 727 1512 aut
742 1455 916 1513 reiicerent.
946 1454 995 1512 Ita
1011 1475 1101 1531 reges
1117 1456 1211 1514 creati
1227 1453 1340 1532 (Numa
1357 1465 1387 1516 et
1399 1458 1463 1516 Αιι-

328 1564 380 1602 cus
398 1561 436 1600 ex
453 1541 591 1614 Sabinis,
609 1540 720 1598 Tullus
736 1560 775 1598 cx
788 1535 922 1615 Latinis)
939 1559 1037 1618 usque
1053 1539 1094 1598 ad
1109 1540 1264 1614 Servium,
1284 1542 1338 1619 qui
1351 1543 1465 1618 primus

326 1626 413 1688 nullo
429 1625 694 1686 senatusconsulto
711 1633 743 1684 et
758 1625 875 1682 iniussn
890 1625 997 1703 populi
1012 1622 1201 1701 regnavit²),
1217 1645 1400 1706 quamquam
1414 1627 1464 1684 fir-

326 1721 407 1772 mato
429 1711 556 1790 imperio
584 1719 615 1770 et
638 1711 749 1769 civium
769 1709 930 1768 voluntate
957 1709 1121 1768 conciliata
1144 1730 1235 1768 ausus
1257 1719 1304 1768 est
1326 1712 1408 1770 ferre
1425 1711 1465 1769 ad

326 1797 489 1876 populum,
510 1794 593 1874 quod
615 1795 653 1854 ab
670 1797 822 1871 interrege
839 1794 914 1852 ferri
934 1815 995 1854 mos
1011 1795 1125 1866 fuerat,
1147 1795 1267 1853 vellent
1286 1793 1466 1854 iuberentne

328 1902 361 1941 sc
377 1901 516 1959 regnare.
541 1882 617 1940 Post
632 1889 757 1940 exactos
772 1899 861 1956 reges
873 1899 967 1956 saepe
985 1880 1154 1956 interreges
1171 1879 1300 1940 comitiis
1315 1879 1466 1939 habendis

328 1967 466 2039 fuerunt,
490 1965 546 2024 sed
566 1965 654 2024 nulla
676 1966 736 2024 iarn
753 1964 959 2038 decuriarum,
985 1965 1016 2022 in
1031 1985 1106 2046 quas
1122 1973 1279 2024 senatores
1294 1964 1385 2024 divisi
1400 1966 1466 2024 fue-

327 2052 403 2124 rint,
429 2052 553 2110 mentio.
593 2047 716 2129 Quippe
746 2051 814 2128 ipsa
837 2070 886 2108 res
909 2049 1086 2128 postulabat
1106 2049 1162 2108 hos
1188 2051 1356 2127 interreges
1380 2050 1466 2110 nullo

330 2135 467 2196 ordinum
489 2134 662 2195 discrimine
685 2156 704 2194 a
724 2141 832 2194 senatu
857 2133 967 2210 ereari;
991 2133 1065 2214 quid
1087 2135 1168 2192 enim
1196 2134 1347 2194 attinebat
1370 2155 1466 2212 regno

331 2220 450 2281 sublato
471 2221 599 2280 Latinos
623 2229 653 2279 et
669 2219 800 2280 Sabinos
823 2241 859 2278 eo
882 2241 943 2298 quo
965 2228 1057 2278 antea
1072 2219 1160 2278 modo
1175 2218 1330 2298 disiungi?
1360 2218 1466 2294 Gerta7

328 2326 399 2365 men
414 2307 474 2364 iam
487 2326 549 2364 nou
563 2306 642 2364 inter
659 2306 787 2364 Latinos
805 2313 837 2363 et
852 2305 1000 2378 Sabinos,
1017 2304 1072 2363 sed
1088 2305 1168 2363 inter
1181 2313 1284 2384 patres
1300 2313 1331 2363 et
1343 2304 1467 2384 plebem

329 2392 462 2450 futurum
477 2399 551 2448 erat.
583 2390 686 2448 Etiam
700 2390 869 2470 Tarquinio
884 2390 992 2448 Prisco
1007 2410 1081 2466 rege
1096 2391 1241 2464 Luceres,
1256 2399 1325 2470 post
1342 2398 1466 2450 exactos

328 2495 418 2553 reges
442 2475 579 2534 homines
610 2473 648 2533 de
675 2475 768 2554 plebe
791 2475 823 2532 in
844 2473 983 2550 senatum
1010 2473 1120 2533 adsciti
1144 2483 1240 2533 erant.
1278 2474 1468 2535 Creabantur

329 2569 431 2620 autern
445 2561 613 2638 interreges
627 2559 777 2619 habendis
793 2560 922 2619 comitiis
936 2559 992 2618 has
1007 2561 1071 2618 fere
1085 2559 1122 2618 ob
1138 2581 1278 2620 caussas:
1297 2561 1324 2620 si
1338 2569 1371 2620 ut
1373 2581 1467 2640 etque

331 2646 436 2708 consul
453 2655 587 2706 mortuus
607 2654 688 2704 esset
694 2643 735 2722 ³),
760 2667 786 2704 ιι
777 2643 905 2704 morbo
921 2641 1186 2723 impedirentur)
1206 2667 1232 2704 ει
1247 2654 1371 2724 propter
1386 2645 1467 2706 sedr

329 2733 429 2790 tiones
451 2731 529 2790 nulli
550 2731 745 2828 magistratus
768 2738 886 2802 essent,
909 2750 928 2788 a
944 2729 1054 2809 quibus
1073 2732 1195 2790 comitia
1209 2729 1316 2790 haberi
1332 2740 1466 2810 possent,

328 2817 373 2878 uti
393 2825 464 2894 post
485 2814 721 2874 decemvirale
713 2815 871 2892 imperium
878 2775 903 2892 ἐ)
927 2823 957 2874 et
985 2835 1044 2896 quo
1063 2824 1199 2894 tempore
1222 2825 1344 2896 propter
1365 2817 1468 2894 legum

399 2981 426 3046 1)
446 2982 519 3032 Plut.
544 2986 571 3033 et
593 2983 709 3061 Dionys.
729 2982 746 3031 l.
770 2982 788 3031 l.
818 2983 928 3034 disertis
953 2983 1058 3034 verbis:
1083 2977 1364 3050 βουλευσάμενοι
1385 2973 1466 3032 καθ’

331 3043 480 3108 ἕαντοὺς
503 3042 813 3101 ἀποδεικνύουσιν
831 3070 891 3118 sqq.
910 3053 1069 3103 Confirmari
1087 3053 1196 3104 videtur
1215 3053 1354 3104 sententia
1370 3057 1466 3102 nostra

330 3123 414 3174 etiam
440 3121 531 3172 verbis
549 3121 678 3186 Dionysii
696 3121 745 3182 IV,
768 3121 816 3184 80,
837 3123 937 3187 quibus
953 3123 1114 3204 permissum
1132 3123 1254 3174 fuisse·
1236 3141 1270 3174 us
1290 3123 1336 3188 qui
1354 3127 1395 3172 int
1397 3139 1469 3172 erre·

330 3207 378 3258 ges
400 3192 489 3242 creati
512 3195 605 3242 essent
628 3191 697 3241 dicit
725 3159 895 3254 diiudicare,
922 3192 981 3257 quis
1007 3207 1092 3257 regno
1116 3193 1232 3242 maxime
1251 3193 1366 3243 idoneus
1384 3197 1467 3243 esset.

330 3265 390 3325 Quo
408 3261 468 3311 loco
489 3262 585 3311 modus
610 3277 664 3326 quo
682 3277 730 3311 rex
753 3263 842 3312 creari
860 3261 974 3325 debeat,
995 3263 1076 3312 Bruti
1094 3263 1233 3324 oratione,
1252 3262 1321 3312 nihil
1339 3276 1432 3312 eorrrm
1451 3277 1468 3310 a

329 3331 481 3412 Tarquinio
499 3323 617 3412 tyranno
640 3335 801 3412 usurpatum
829 3333 982 3397 querentis,
1010 3331 1052 3382 his
1079 3332 1170 3382 verbis
1199 3299 1373 3382 describitur:
1395 3324 1470 3412 Τὴν

330 3392 544 3479 ἡμεμονίαν,“’
505 3417 534 3449 ιν
558 3390 615 3450 ἀπὸ
626 3414 731 3463 ταυτης
735 3391 879 3476 ἄρξωμαι,
890 3398 950 3457 ποις
965 3369 1168 3481 παρέλαβενς
1150 3391 1206 3463 αροί
1217 3416 1247 3465 ys
1260 3391 1298 3482 qis
1309 3394 1339 3450 oi
1350 3391 1405 3479 πρὸ
1419 3391 1469 3448 uri-

330 3461 686 3551 τοιιγενόμενοιβαιιιλεῑςς
703 3462 811 3530 πόθενς
825 3465 1094 3548 notioriyeuuldei.
1109 3457 1470 3550 Έιιεινοιμὲνγεᾶπαντες

330 3530 378 3660 u
374 3505 1469 3687 aratri,'advertereturresurrecturae

330 3624 450 3728 sarrai
473 3619 646 3728 ἀποδίδοται
667 3623 728 3725 iau
757 3623 864 3726 vidistis
890 3624 1112 3758 npqpovtic'wv
1130 3623 1469 3761 ituiiawpsaopaiuaiv

330 3742 514 3826 stupebimus,
535 3739 589 3804 οίς
607 3736 1056 3826 ίπιτρὲπειτὸσυνέὸριον
1074 3738 1108 3796 ἐκ
1126 3744 1193 3796 τοῖν
1213 3737 1429 3810 ἄξι’ωντῆς’
1414 3762 1469 3809 αρ-

330 3815 391 3882 χῆς
410 3814 604 3896 droyvpivor
626 3807 688 3864 τὸν
708 3803 1024 3897 ἐπιτηδειότατον·
1043 3830 1111 3900 μετα
1128 3832 1217 3866 ταντα
1235 3814 1338 3881 ψῆφον
1357 3805 1469 3893 ίπενέγ-
1485 3867 1490 3878 ,

330 3901 441 3960 ιιαντος,
451 3876 482 3933 ἕν
498 3877 703 3965 ἀρχαιρεσίαις
725 3899 776 3934 τον
766 3877 890 3968 δημοιι
909 3871 1013 3948 μεθ’
996 3901 1030 3950 ης
1047 3878 1162 3934 απαντα
1180 3876 1394 3963 ἔπιιιυρονσθαι
1403 3875 1470 3950 βου

329 3954 405 4004 leros
430 3945 444 4002 ὁ
470 3947 571 4018 νόμος
594 3942 680 4016 dmm
662 3967 751 4002 απασι
774 3947 805 4003 δὲ
824 3946 936 4010 τούτοις
961 3949 1073 4004 οίωνιὶν
1075 3953 1222 4036 σφαγίων
1239 3951 1285 4004 καὶ
1303 3943 1470 4003 τῶναίίιον
1512 3949 1524 3968 “

332 4021 457 4084 σημείων
475 4019 569 4070 nutrio
590 4020 767 4086 γενομένων
791 4009 831 4070 niv
855 4016 941 4086 χωρίς
960 4013 1088 4072 οὐθὲν
1069 4040 1106 4073 αν
1123 4023 1234 4088 γένοιτο
1252 4021 1302 4088 τῆς
1319 4014 1471 4082 ἀνθρωπί-

332 4105 384 4152 νης
403 4085 595 4168 σπουδῆςιια)
615 4087 756 4166 προνοίας
780 4081 892 4174 ὄφελος.
964 4094 993 4172 2)
1010 4093 1126 4173 Diqnys
1138 4095 1200 4172 I,V
1219 4093 1245 4143 8.
1280 4093 1348 4149 Τοῖς
1366 4086 1398 4142 di
1416 4106 1471 4140 πα-

331 4154 452 4218 τρικίοις
470 4172 522 4206 oon
537 4174 582 4238 ην
592 4150 626 4207 τὰ
628 4151 794 4237 γιγνόμενα
810 4153 881 4208 καθ’
896 4150 1025 4241 ἡδονήν,
1045 4112 1103 4210 ou
1129 4153 1372 4242 ἠγανάκτοιινιιαὶ
1391 4159 1472 4238 χαλε·
1517 4210 1523 4215 .

330 4223 391 4283 ποῦς
411 4218 538 4306 ἔφερον,
548 4218 601 4275 οὖν
620 4217 767 4287 ἀξιοῦντες
785 4221 874 4278 αυτὸν
891 4221 983 4310 ἑαυτῷ
997 4246 1062 4279 τινα
1057 4225 1302 4318 μιζχανήσασθαι
1320 4221 1472 4310 βασιλικὴν

331 4285 478 4358 ἐξουσίαν,
497 4288 566 4359 μήτε
584 4292 688 4363 βουλῆς
707 4292 920 4363 ψηφισαμένης,
944 4279 1013 4363 μήτε
1029 4297 1086 4349 τῶν
1102 4298 1197 4350 ἄλλων
1214 4299 1270 4350 ταῖν
1289 4294 1360 4350 κατὰ
1380 4291 1472 4362 νόμον

331 4355 578 4416 ἐπιτελεσθέντων.
656 4363 830 4428 3)cr1·.1iv.
849 4369 900 4430 ΙΠ,
919 4369 944 4420 8.
965 4370 1081 4436 Dionys
1101 4372 1150 4435 IX,
1163 4371 1205 4423 69.
1277 4371 1307 4435 4)
1326 4370 1382 4420 cu.
1403 4369 1471 4419 Dio-

331 4453 390 4504 nys
408 4437 462 4502 IX,
485 4436 526 4490 13.
597 4431 625 4500 5)
644 4434 700 4488 cn.
718 4435 780 4486 Liv
801 4436 856 4501 111,
876 4406 919 4490 55.
