3230 5308
296 378 335 440 12
662 381 704 434 De
721 378 887 432 carminibus
903 376 1067 446 Aeschyleis

292 559 421 623 vuntur,
448 558 484 608 nt
503 549 674 610 sententiae
690 547 776 608 initio
795 547 941 623 cuiusque
960 544 1102 624 strophae
1118 544 1292 624 propositae
1310 545 1342 604 in
1363 545 1425 606 fine

294 655 355 696 uon
369 637 436 696 sine
454 655 565 712 magna
578 635 611 691 vi
625 640 791 692 recurrant.

362 738 421 798 Str.
435 727 463 794 α’
475 757 506 797 v.
523 717 606 798 632..
604 722 676 812 Η’ῤ
701 723 761 793 cita
777 752 834 810 μου
848 729 1011 830 μακαρίτας
1026 727 1186 808 ἰσοδαίμων
1199 722 1339 808 βασιλεύς
1354 738 1412 790 etc.

474 842 504 886 v.
522 829 582 883 639.
607 801 759 898 Νέρθεν
742 838 800 897 epu
814 809 897 876 κλύει
911 836 985 893 μους

355 1024 485 1087 Antistr.
503 1016 532 1084 α’
545 1047 574 1085 v.
592 1034 652 1090 640.
672 1012 761 1083 Ἀλλᾶ
781 1013 819 1082 σύ
839 1041 888 1100 μοι
910 1021 956 1080 Γᾶ
975 1043 1005 1082 τε
1028 1019 1080 1082 ιιαλ
1099 1011 1183 1082 ἄλλοι
1203 1017 1335 1101 χθονίων
1358 1008 1427 1098 ἆμε-

674 1191 801 1291 δαίμονα
816 1099 1005 1288 μεγαυχμηρνες

681 1267 754 1336 ἰόντ’
770 1265 900 1336 αἰνέσατ’
918 1272 951 1336 ἐκ
968 1269 1077 1353 δόμων.

545 1384 575 1422 v.
591 1372 651 1427 644.
676 1352 894 1438 Πὲμτετειλ”’
874 1370 1010 1422 uvuetc

370 1565 432 1625 Str.
448 1557 475 1642 γ’
492 1586 523 1622 ν.
537 1574 598 1628 666.
622 1556 756 1642 Βαλὴν’
740 1569 861 1667 αμχαῖος
875 1556 971 1645 βαλήν
987 1565 1071 1625 ἴθι”
1054 1584 1123 1624 ιιιοο

482 1658 590 1712 v.661.
613 1643 708 1710 Βᾶσκε
725 1673 925 1730 anteposuere
943 1643 1075 1730 Δαρειᾶν
1089 1644 1126 1709 οἰ.

359 1848 532 1915 Antistr.
505 1878 523 1934 γ
545 1878 575 1915 v.
592 1866 653 1920 664.
678 1853 813 1916 Δέσποτα
828 1849 972 1914 δεσπότου
987 1846 1121 1950 φάνηθι

541 1964 571 2001 v.
589 1951 651 2005 668.
674 1935 772 2001 Βασκε
791 1961 882 2020 aucep
900 1934 992 2000 dinone
1011 1928 1143 2014 Δαρειᾶν
1160 1929 1196 1996 οἰ.

353 2116 355 2120 ¹
362 2144 491 2207 Αολίιλτ.
508 2137 538 2224 β
550 2169 580 2210 ν
594 2158 655 2212 651.
681 2138 758 2208 Οὔτε
774 2135 830 2226 γὰρ
845 2136 980 2243 ανδρας
974 2163 1029 2202 ποι
1032 2133 1177 2202 ’cadilo

672 2224 947 2328 πολεμοφθόροισιν
960 2251 1052 2300 αταις.
1111 2241 1112 2246 ’

545 2339 575 2375 v·
586 2327 713 2380 665.-
740 2306 866 2396 στρατὸν
884 2337 917 2374 ευ
904 2299 1083 2374 ἰποόώκει.

361 2434 500 2493 Tertium
516 2457 637 2496 carmen
652 2459 711 2496 non
731 2437 769 2495 ab
783 2437 926 2495 universo
950 2435 1039 2492 choro
1063 2440 1218 2492 cantatum
1235 2453 1303 2492 esse
1323 2433 1427 2493 certis-

299 2519 406 2577 simum
433 2528 487 2578 est.
528 2521 685 2582 Commum
708 2523 788 2581 enim
813 2521 908 2579 habet
929 2521 1009 2578 inter
1031 2518 1152 2578 chorum
1183 2527 1214 2576 et
1234 2519 1371 2578 Xerxem
1398 2527 1430 2578 et

297 2605 430 2663 numeris
453 2607 651 2687 compositum
675 2617 720 2666 est
745 2607 926 2686 plerumque
952 2603 1137 2663 dochmiacis
1160 2612 1190 2661 et
1212 2603 1428 2682 anapaesticis.

297 2689 463 2748 Praemissi
481 2700 583 2750 autem
599 2701 669 2751 sunt
687 2692 861 2769 anapaesti,
889 2709 964 2770 quos
981 2688 1055 2748 ab''
1035 2709 1088 2761 us,
1115 2689 1168 2768 qni
1185 2689 1276 2766 vulgo
1295 2689 1428 2750 carmina

297 2773 487 2852 praecedant
507 2784 538 2833 et
559 2796 577 2833 a
599 2777 791 2875 coryphaeo
789 2776 853 2834 reci
855 2783 957 2833 tantur
972 2771 1012 2852 ¹)
1042 2772 1189 2851 distingui
1210 2782 1240 2831 et
1261 2793 1334 2832 vere
1360 2793 1428 2832 esse

298 2865 367 2938 part
370 2879 416 2916 cm
431 2861 588 2938 sequentis
606 2862 726 2932 commi,
744 2861 830 2919 cuius
847 2860 984 2918 efficiant
998 2857 1144 2937 proodum
1156 2855 1196 2934 ²,)
1220 2865 1251 2916 et
1269 2878 1427 2936 argumen-

298 2951 377 3014 tum,
403 2962 463 3021 quo
488 2965 555 3003 cum
574 2945 773 3025 sequentibus
790 2945 957 3003 arctissime
979 2943 1157 3016 cohaerent,
1187 2950 1218 3000 et
1241 2941 1427 3018 dochmiaca,
1508 2985 1515 2994 -

300 3045 361 3106 qua
380 3036 503 3106 praeter
521 3050 636 3088 morem
650 3031 811 3104 finiuntur,
836 3029 973 3088 clausula
992 3027 1110 3086 docent.
1140 3025 1289 3103 Quartum
1307 3048 1429 3088 carmen

299 3110 371 3169 inde
396 3132 415 3170 a
434 3135 463 3172 v.
485 3121 536 3177 849
559 3115 688 3192 legitur,
717 3115 850 3174 numeris
877 3114 1038 3194 dactylicis
1062 3113 1272 3192 compositum,
1304 3133 1428 3192 quornm

301 3205 421 3254 cantum
443 3207 473 3257 et
495 3200 592 3277 ipsum
615 3200 654 3258 ad
672 3221 767 3278 genus
790 3200 983 3258 recitativum
1005 3199 1171 3257 accessisse
1184 3198 1349 3256 verisimile
1365 3207 1427 3272 est3

300 3290 331 3339 et
353 3281 451 3360 epodo
477 3284 589 3342 finitur.
620 3285 719 3360 Igitur
740 3305 819 3366 quae
840 3285 903 3342 alia
924 3302 1017 3342 causa
1038 3301 1105 3340 esse
1126 3290 1245 3362 poterat
1266 3283 1298 3340 in
1320 3281 1428 3340 eadem

300 3366 406 3424 fabula
422 3376 566 3448 quattuor
586 3389 653 3428 esse
669 3371 804 3429 carmina
821 3377 938 3446 septem
952 3359 1155 3446 stropharum,
1179 3387 1254 3446 quas
1270 3387 1288 3424 a
1303 3367 1427 3425 choreu-

297 3452 336 3510 tis
353 3451 484 3512 invicem
500 3455 568 3512 cani
582 3454 741 3533 probabile
757 3456 810 3527 sit,
832 3455 893 3512 nisi
910 3452 990 3533 quod
1005 3459 1122 3528 septem
1137 3453 1252 3510 fuerint
1264 3451 1428 3510 cantores?

298 3534 360 3613 Qui
375 3559 517 3597 numerus
537 3540 726 3618 stropharum
744 3541 786 3597 ita
808 3536 1014 3598 incommodus
1030 3545 1077 3594 est
1093 3545 1123 3594 ct
1139 3557 1157 3594 a
1173 3534 1332 3594 dividendi
1351 3537 1427 3594 faci-

297 3623 384 3680 litate
401 3624 555 3697 abhorret,
580 3626 660 3683 utin
676 3625 806 3683 caeteris
821 3622 971 3702 Aeschyli
987 3621 1099 3680 fabulis
1114 3623 1168 3680 vix
1184 3621 1278 3680 semel
1292 3623 1427 3698 reperia-

296 3716 354 3764 tur.
386 3706 550 3768 Caeterum
568 3709 760 3788 septemillia
775 3707 967 3788 proceribus,
989 3707 1076 3764 velut
1098 3707 1129 3764 in
1151 3707 1220 3764 aliis
1234 3705 1382 3786 Aeschyli
1398 3715 1430 3764 et

297 3792 454 3870 Euripidis
484 3793 597 3851 fabulis
624 3795 739 3852 factum
761 3812 827 3857 esse
849 3793 975 3866 scimus,
1006 3791 1158 3850 ministros
1186 3789 1305 3849 additos
1332 3791 1428 3850 fuisse

296 3876 456 3954 probabile
476 3886 535 3952 est,
553 3878 606 3956 qui
619 3897 777 3938 numerum
795 3877 879 3936 chori
893 3875 1079 3954 complerent
1090 3873 1124 3954 ¹).

370 4107 395 4172 l)
414 4108 577 4159 Recitantur
596 4124 649 4160 sec.
674 4109 767 4160 Herm.
792 4111 834 4160 El.
855 4115 933 4162 metr.
952 4127 978 4176 p.
1000 4111 1065 4173 286,
1090 4113 1227 4160 canuntur
1248 4127 1301 4161 sec.
1323 4107 1427 4159 Gcnell.

299 4177 332 4226 de
351 4177 390 4224 th.
410 4177 474 4226 Ath.
493 4193 520 4241 p.
542 4179 601 4230 133.
639 4177 680 4227 ef.
704 4178 823 4229 Boeckh.
843 4181 879 4230 ad
901 4181 981 4231 Pind.
1005 4181 1027 4230 Ι.
1054 4197 1080 4244 p.
1098 4180 1157 4231 203.
1195 4180 1289 4229 Etiam
1307 4178 1429 4228 iambica

298 4246 421 4296 diverbia
440 4247 577 4296 interdum
595 4247 659 4296 cani
677 4247 716 4296 ait
732 4249 797 4297 Luc.
809 4249 841 4299 de
856 4249 955 4299 Saltat.
974 4267 998 4300 c.
1019 4252 1060 4299 27.
1116 4247 1144 4313 2)
1158 4249 1270 4298 Lachm.
1290 4249 1323 4298 de
1346 4247 1427 4298 Chor.

298 4319 366 4380 syst.
386 4331 412 4379 p.
431 4315 474 4365 99.
489 4331 515 4365 ν.
534 4317 593 4367 925.
614 4315 656 4366 26.
682 4317 811 4368 carminis
836 4320 975 4383 sequentis
993 4319 1126 4382 proodum
1143 4317 1225 4379 fecit,
1254 4318 1302 4368 sed
1319 4332 1430 4367 versum

298 4385 365 4446 924,
384 4384 431 4448 qui
447 4384 529 4448 vulgo
545 4385 629 4434 Xerxi
643 4386 789 4444 tribuitur,
809 4387 892 4438 choro
904 4388 1117 4438 continuandum
1127 4403 1187 4437 esse
1197 4387 1326 4437 viderunt
1334 4387 1428 4434 Herm.

299 4459 326 4505 ct
344 4452 491 4504 Wellauer.
563 4452 590 4519 3)
609 4456 641 4505 V.
661 4453 798 4506 Welcker.
819 4456 852 4507 de
870 4457 925 4506 tril.
947 4456 1043 4508 Aesch.
1064 4473 1090 4521 p.
1108 4457 1142 4507 43
1161 4461 1188 4507 et
1202 4456 1261 4507 321.
