3254 5304
242 425 259 455 g
555 383 597 435 De
618 381 805 451 interregibus
826 382 966 436 Romanis.
1271 380 1328 442 185

193 551 379 610 Liciniarnm
398 549 503 610 turbas
523 548 654 610 solitudo
674 549 903 626 magistratuum
928 551 1075 609 curulium
1089 571 1145 630 per
1160 551 1329 651 quinquen·
1413 563 1415 568 ’

194 637 278 696 nium
293 635 399 695 urbem
416 636 516 694 tenuit
523 631 560 712 ¹),
579 635 631 694 vel
647 634 820 712 denique
796 655 822 693 ιι
838 634 1064 712 tribuniplebis
1081 637 1209 696 comitiis
1223 658 1328 696 censu·

193 713 256 780 lum
275 722 327 780 vel
350 720 539 781 tribunorum
560 720 688 778 militurn
710 719 860 778 consulari
880 727 1031 798 potestate
1046 720 1329 800 intercessissent¹).

194 807 325 886 Saepius
349 807 428 864 enim
449 807 563 864 factum
583 813 644 877 est,
670 812 704 863 ιιι
725 805 860 878 comitia,
883 824 963 883 quae
985 826 1003 863 a
1027 806 1202 865 consulibus
1223 807 1331 866 haberi

193 891 307 950 tribuni
325 911 388 950 non
408 891 558 962 sinerent,
581 889 620 948 ab
641 890 793 966 interrege
808 889 1008 963 haberent-ur,
1029 891 1094 948 sive
1111 911 1149 949 ea
1164 893 1330 969 interregni

193 976 288 1035 maior
305 975 456 1055 quaedam
471 975 618 1034 sanctitas
634 982 664 1034 et
680 974 843 1034 auctoritas
859 975 930 1046 fuit,
948 975 1014 1034 sive
1030 984 1151 1052 patrum
1169 975 1329 1036 obstinatis

199 1060 307 1120 studiis
323 1060 398 1119 victi
418 1059 531 1120 tribuni
552 1080 571 1118 a
593 1059 757 1119 certamine
782 1058 980 1119 desistebant.
1018 1061 1068 1119 Ita
1091 1081 1170 1119 anno
1192 1082 1221 1119 ιι.
1237 1083 1263 1120 ο.
1278 1069 1326 1123 271

194 1166 286 1225 quum
304 1145 426 1204 comitia
447 1166 465 1203 a
487 1144 616 1205 tribunis
638 1144 892 1218 dissolverentur,
917 1153 1042 1203 senatus
1064 1144 1116 1204 diu
1140 1145 1330 1215 deliberavit,

195 1240 295 1290 utrum
312 1229 490 1289 dictatorem
506 1239 645 1290 crearent
659 1251 698 1290 an
710 1231 908 1306 interregem3
925 1230 1000 1288 vicit
1011 1229 1134 1289 tandem
1149 1231 1249 1289 mitior
1261 1251 1328 1290 sen-

195 1317 307 1389 tentia,
325 1323 359 1373 ut
374 1315 543 1393 interreges
557 1315 773 1392 proderentur;
797 1315 946 1394 aquibus
970 1315 1090 1373 comitia
1107 1315 1191 1374 nullo
1207 1316 1331 1393 negotio

194 1402 300 1460 habita
315 1399 428 1478 sunt¹).
462 1402 693 1480 Nequetamen
714 1419 834 1479 semper
859 1399 972 1458 tribuni
993 1399 1031 1457 ab
1053 1400 1205 1478 interrege
1226 1401 1329 1460 vince·

195 1487 323 1557 bantur,
345 1486 436 1564 quale
455 1484 598 1564 estquod
613 1505 692 1543 anno
702 1505 731 1543 ιι.
748 1505 774 1544 c.
786 1491 838 1546 402
850 1484 963 1543 factum
974 1483 1114 1561 legimns.
1145 1486 1224 1544 Nam
1238 1506 1330 1566 quum

194 1572 322 1650 primum
348 1570 477 1630 dictator
497 1578 529 1629 et
543 1577 702 1650 postquam
726 1570 777 1628 hie
799 1570 964 1628 certamine
981 1578 1135 1648 protracto
1151 1571 1329 1648 magistratu

196 1657 286 1730 abiit,
304 1656 474 1733 interreges
491 1653 612 1714 comitia
631 1654 765 1713 habituri
786 1663 891 1713 essent
905 1675 967 1713 non
983 1654 1149 1714 secundum
1163 1655 1263 1732 legem
1278 1657 1329 1715 Li·

196 1740 321 1814 ciniam,
338 1741 393 1800 sed
408 1740 517 1820 quibus
533 1749 661 1818 uterque
678 1739 784 1798 consnl
801 1759 817 1798 e
832 1739 970 1817 patribus
987 1749 1156 1813 crearetur,
1173 1740 1338 1816 seditioni,

195 1825 251 1884 bus
273 1835 419 1884 certatum
441 1834 489 1884 est
510 1825 550 1884 ad
570 1824 762 1884 undecimum
779 1825 979 1902 interregem,
1001 1825 1099 1884 donec
1113 1834 1216 1905 patres
1234 1825 1328 1884 obsti-

194 1917 268 1967 nata
282 1911 469 1969 tribunorum
485 1911 677 1969 contentione
692 1910 766 1968 victi
782 1909 938 1969 observari
958 1909 1058 1985 legem
1074 1911 1226 1970 Liciniam
1241 1912 1329 1970 corni-

196 1994 247 2051 tiis
269 1995 480 2052 consularibus
501 1990 682 2070 iuberenl¹).
717 1993 903 2073 Plerumque
926 2015 944 2052 a
960 1994 1094 2052 secundo
1111 1996 1263 2074 interrege
1280 2017 1329 2055 co-

196 2078 281 2136 mitia
300 2077 537 2157 habebantur⁵);
559 2079 612 2137 ubi
633 2078 840 2154 interregnum
863 2078 903 2136 ad
923 2077 1027 2155 plures
1043 2081 1197 2155 pervenit,
1221 2101 1329 2139 caussa

197 2162 263 2222 fere
283 2170 344 2235 est,
363 2160 445 2241 quod
456 2162 569 2221 tribuni
586 2163 707 2222 comitia
721 2162 828 2222 haberi
842 2183 904 2222 non
917 2161 1118 2240 patiuntur⁰).
1148 2163 1212 2224 Sed
1228 2164 1266 2223 ab
1282 2185 1328 2236 eo,

197 2247 250 2325 qui
262 2246 376 2325 primus
389 2247 524 2305 interrex
538 2247 675 2324 proditus
691 2255 766 2321 erat,
782 2248 904 2307 comitia
917 2247 1023 2306 baberi
1039 2249 1130 2308 moris
1145 2270 1205 2308 non
1221 2248 1329 2325 erat⁷).

198 2332 392 2408 Singulorum
414 2331 572 2408 imperium
594 2333 674 2391 omni
694 2333 810 2392 liberae
830 2332 1018 2410 reipublicae
1040 2341 1175 2410 tempore
1196 2336 1329 2414 quinque

198 2416 315 2476 dierum
329 2417 424 2475 fuisse
440 2415 608 2495 constat⁸);
629 2437 689 2495 quo
702 2417 791 2476 modo
805 2419 837 2476 in
852 2427 960 2477 senatu
978 2419 1072 2477 creati
1088 2420 1163 2492 s'iut,
1179 2441 1241 2492 pon
1258 2441 1328 2479 con-

197 2510 267 2560 stat.
292 2501 422 2560 Videtur
437 2501 490 2580 qui
501 2500 635 2560 habebat
649 2511 787 2562 senatum
802 2503 973 2562 nominibus
990 2523 1093 2562 eorum
1109 2525 1183 2584 qnos
1199 2506 1330 2563 maxime

139 2635 141 2639 .
196 2586 320 2646 idoneos
351 2587 500 2646 iudicaret
530 2587 693 2666 propositis
720 2595 893 2648 senatorum
922 2588 1090 2648 sententias
1114 2588 1329 2666 interrogasse,

112 2706 116 2720 .
198 2682 315 2732 creatos
330 2671 512 2751 prodidisse.
544 2671 634 2732 Unde
649 2672 763 2731 iactum
781 2681 842 2746 est,
858 2682 892 2732 ιιι
908 2673 999 2732 etiam
1014 2673 1067 2751 qui
1082 2682 1221 2733 senatum
1236 2673 1330 2732 habe·

195 2765 261 2833 ret,
283 2777 388 2816 creare
410 2757 578 2834 interreges
597 2757 750 2816 diceretur
757 2755 794 2831 9)
811 2758 901 2816 simili
916 2757 1006 2816 modo
1022 2778 1081 2838 quo
1096 2759 1187 2818 etiam
1201 2759 1327 2818 interre-

197 2863 251 2920 ges
267 2843 330 2921 ipsi
349 2862 471 2902 creasse
488 2862 577 2920 reges
596 2840 754 2901 ιιίιιιιιιιιιι1
757 2839 793 2917 ⁰.)
824 2841 929 2901 Simile
948 2843 1038 2902 etiam
1056 2851 1120 2916 est,
1140 2844 1245 2923 quod
1236 2854 1329 2904 unter-

103 2983 105 2988 .
194 2948 251 2988 rex
267 2948 474 2988 successorem
489 2928 662 2986 nominasse
678 2924 801 2986 dicitur¹
807 2923 847 3005 “);
869 2926 950 3006 quod
965 2927 1177 2987 eodemmodo
1200 2931 1247 3000 fit,
1269 2951 1330 3011 quo

197 3011 360 3072 dictatores
376 3033 394 3069 a
410 3020 519 3070 senatu
538 3013 632 3071 creati
648 3012 752 3070 dicunt
741 3020 788 3070 tur
800 3032 819 3068 a
834 3013 977 3084 eonsule3
1000 3013 1127 3074 solenne
1140 3014 1219 3072 enirn
1234 2975 1330 3073 inisse

196 3096 377 3156 videturt
333 3117 363 3154 ιιι
365 3106 515 3172 terregem
538 3098 715 3173 magistratu
738 3096 851 3155 abeunt
839 3106 900 3155 tem
914 3118 1024 3156 nomen
1048 3099 1113 3158 eius
1129 3099 1259 3176 prodere
1278 3101 1331 3178 qui

197 3179 256 3238 sibi
281 3180 469 3240 succederet.
512 3178 716 3258 Eligebantur
748 3189 851 3239 autem
881 3181 1049 3260 interreges
1080 3184 1138 3242 viri
1168 3184 1330 3244 bonoribus

268 3412 364 3474 l)Cfr.
383 3414 444 3464 Liv.
460 3415 514 3474 VI,
532 3412 574 3464 36.
647 3411 751 3475 mosa
766 3413 826 3462 Liv.
847 3413 901 3475 IV,
919 3413 961 3462 51
981 3414 1042 3472 VII,
1057 3416 1099 3464 21.
1104 3415 1234 3496 Dionys.
1253 3415 1329 3476 VIII,

196 3484 239 3534 so.
258 3483 306 3543 ιι
314 3482 356 3533 ea
427 3483 455 3546 a)
474 3451 565 3562 Diony
568 3500 589 3532 ι.
600 3483 678 3544 ιιιι,
697 3481 738 3532 oo
755 3471 790 3529 Η
804 3479 822 3528 a
825 3450 1042 3560 ”tarsiamqa
1041 3474 1149 3560 (γνώμη
1169 3471 1226 3547 ἦν)
1249 3495 1331 3546 aaa

196 3549 318 3634 βασιλεῖς
334 3541 447 3601 ἑλέσθαι
467 3543 535 3606 rode
548 3501 757 3632 apropvrdroor
770 3564 799 3598 τε
812 3545 861 3629 pat
880 3543 1065 3629 τιμιωτάτους
1079 3541 1196 3613 ἄνδρας,
1214 3545 1258 3607 οἷς
1273 3543 1331 3599 ἐπι-

195 3615 294 3700 petis
284 3613 402 3670 ἔσται
373 3636 407 3668 τοι
418 3616 501 3701 περὶ
501 3612 551 3677 τὰς
563 3612 661 3683 ἀρχάς,
675 3609 754 3674 ὅπως
764 3611 911 3699 κράτισται
925 3611 1101 3695 γενήσονται,
1115 3618 1329 3684 προνοηθῆναι,

195 3683 245 3740 τὸν
258 3682 348 3739 αυτὸν
358 3683 466 3752 τρόπον
485 3682 573 3752 ὅνπερ
588 3681 634 3738 ἔτι
648 3687 705 3737 τῶν
719 3681 856 3754 βασιλέων
869 3685 927 3738 τῶν
937 3647 1111 3736 ἐκλιπόντων
1124 3680 1248 3753 ἐγίγνετο
1260 3705 1330 3753 sqq.

195 3777 263 3827 quae
280 3765 419 3827 postrema
443 3762 526 3811 verba
547 3764 635 3810 utrum
654 3759 690 3808 ad
708 3760 817 3808 modum
838 3774 891 3822 qno
913 3759 1092 3823 proderentur
1110 3759 1276 3824 interreges,
1295 3775 1331 3808 an

195 3831 230 3882 ad
247 3847 359 3882 munera
379 3846 449 3895 quae
468 3831 590 3892 obirent,
613 3833 640 3880 et
664 3828 858 3878 auctoritatem
877 3842 957 3892 quarn
977 3832 1147 3891 exercerent,
1166 3828 1330 3890 ι’·οιειιιιιιιιι,

195 3901 316 3951 dubitari
334 3905 434 3966 potest.
505 3899 536 3956 4)
555 3901 587 3949 V.
605 3899 667 3949 Liv.
688 3897 813 3960 vn‚·21.
885 3899 913 3961 b)
927 3895 983 3946 Ofr.
1000 3896 1116 3962 Dionys.
1131 3898 1207 3960 VIII,
1224 3898 1266 3950 90.
1281 3898 1330 3960 IX,

196 3971 228 4019 14
245 3975 272 4021 et
285 3971 347 4020 aliis
366 3969 446 4020 loeis.
517 3966 546 4032 6)
564 3968 704 4019 Interdum
723 3983 840 4027 caussa,
861 3966 894 4016 ob
914 3981 995 4030 qnam
1013 3968 1198 4031 interregnum
1218 3968 1253 4017 ad
1272 3966 1331 4031 plu-

195 4054 238 4089 res
257 4041 419 4103 pervenerit,
437 4039 519 4100 latet,
538 4042 569 4087 ιιι
582 4039 643 4088 Liv.
662 4037 719 4099 III,
738 4037 767 4086 8:
790 4052 877 4098 „cum
899 4034 1006 4100 aliquot
1024 4037 1180 4101 interregna
1198 4038 1329 4098 exissent,

194 4107 225 4156 P.
250 4108 377 4158 Valerius
398 4107 539 4158 Publicola
560 4105 647 4164 tersio,
668 4106 712 4156 die
742 4121 822 4169 quam
847 4106 1033 4170 interregnum
1062 4107 1176 4170 inierat,
1204 4105 1331 4158 consules

196 4181 271 4224 creat
285 4178 365 4240 sqq.“
437 4177 464 4239 7)
483 4177 540 4227 (ιιι.
560 4177 660 4230 Ascon.
677 4175 706 4224 in
719 4173 777 4223 Mil.
798 4177 831 4224 V.
901 4173 973 4237 8)v.
993 4175 1161 4227 Asconii.
1232 4175 1329 4239 9)Csr.

196 4245 310 4308 Dionys.
330 4245 383 4305 IV,
402 4246 516 4306 75.1v‚
535 4247 577 4296 84.
663 4242 710 4304 10)
729 4244 762 4295 V.
773 4245 888 4308 Dionys.
908 4244 950 4307 II,
970 4244 1011 4295 58.
1030 4245 1091 4295 Liv.
1115 4245 1171 4306 ΠΙ,
1187 4245 1203 4294 8
1221 4248 1249 4294 et
1267 4241 1330 4292 aliis

194 4312 272 4365 locis.
293 4312 349 4361 Cir.
362 4313 477 4375 Dionys.
498 4315 536 4376 V,
554 4316 597 4375 72,
617 4330 670 4378 quo
688 4313 748 4362 loco
767 4314 869 4377 primus
888 4314 1008 4363 dictator
1027 4314 1120 4363 eodem
1139 4313 1217 4361 modo
1237 4327 1253 4358 a
1267 4326 1329 4359 con-

195 4380 253 4431 sule
273 4380 363 4430 dictus
388 4381 520 4441 traditur,
544 4399 598 4446 quo
621 4384 770 4444 interreges
789 4386 930 4432 uterentur
949 4381 988 4444 (h.
1008 4397 1030 4430 e.
1057 4397 1147 4444 regem
1165 4379 1209 4430 vel
1233 4383 1329 4442 postea

195 4448 320 4500 consules
340 4447 534 4513 nominarent).
613 4450 656 4513 11)
671 4452 704 4500 V.
718 4451 834 4515 Dionys.
854 4453 937 4510 VIII,
956 4449 999 4498 uo.
