3246 5328
546 337 588 389 De
605 335 735 404 Aeschyli
752 335 960 404 Agamemnone.
1284 336 1324 396 55

186 519 286 647 persev
304 495 455 580 Ἀθηνᾶς,
476 502 536 564 τῶν
552 496 704 580 προτέρων
725 492 933 580 διδράχμων”
915 523 1011 563 οντων
1034 497 1177 581 ἔπίσημόν
1198 525 1228 564 τε
1247 504 1324 583 βοῦν

201 609 323 667 χοντων.

247 707 365 766 Praeco
382 726 496 766 summo
512 703 624 782 gaudio
638 704 729 764 effect
717 713 765 765 tus
782 725 905 764 scenam
921 707 1013 766 intrat
1020 707 1122 787 ,quod
1135 710 1259 769 tandem
1273 731 1321 769 re-

186 792 297 851 ditus
288 814 319 850 ιιι
342 792 472 870 patriam
494 789 547 847 diu
570 789 753 849 frustrat
702 799 773 868 opta
775 799 823 850 tus
775 791 903 850 tsibi
926 792 1096 888 contigerit.
1133 793 1170 886 V.
1192 805 1240 856 501
1262 795 1322 855 Dis

186 885 254 954 grat
256 878 300 936 ias
297 895 415 972 egens
434 874 643 933 Mercurium
634 884 759 933 rnvocat
774 873 888 950 φίλον
904 866 1053 948 κήρυκα
1069 867 1210 952 κηρύκων
1225 874 1322 954 σέβας,

186 981 267 1041 quae
288 949 525 1037 νποκοριστικῶς
550 957 648 1031 dicta,
672 961 762 1058 quasi
775 980 917 1038 magnam
938 958 1092 1038 quandam
1108 979 1175 1017 curn
1192 961 1261 1019 Deo
1277 963 1322 1020 fa-

185 1045 393 1104 miliaritatem
409 1043 620 1116 contraxisset,
639 1053 670 1102 et
684 1045 750 1122 ipse
763 1045 851 1104 Deus
865 1065 943 1103 unus
961 1051 1042 1103 esset
1060 1064 1076 1102 e
1094 1044 1222 1102 caeteris
1234 1064 1322 1122 prae-

189 1129 326 1188 conibus.
359 1129 410 1187 De
430 1127 527 1186 Troia
547 1147 654 1187 eversa
669 1150 732 1188 non
752 1131 819 1189 sine
832 1129 1003 1189 iactatione
1022 1129 1119 1208 loquit
1120 1149 1168 1205 ur;
1191 1149 1323 1208 eaquae

187 1213 225 1274 de
240 1214 472 1291 Agamemnone
496 1213 571 1272 dicit
593 1211 636 1292 (v,
651 1222 710 1277 516.
732 1203 913 1290 ενδαίμων’
896 1203 973 1292 ανήρ
993 1212 1077 1294 sqq.)
1098 1223 1169 1273 sunt
1193 1215 1323 1273 bominis

187 1298 381 1378 splendorem
396 1307 428 1357 et
439 1298 620 1357 felicitatem
634 1299 859 1378 supramodum
873 1299 1034 1358 admirant'
1013 1308 1061 1358 tm
1089 1299 1127 1358 V.
1141 1310 1191 1362 551
1204 1307 1322 1358 aestum

187 1383 410 1444 intolerabilem
423 1403 497 1442 aura
509 1392 670 1443 recreante
688 1388 850 1458 carentem,
868 1404 928 1466 quo
945 1382 984 1442 ad
995 1385 1120 1442 Troiam
1132 1385 1240 1443 afflicti
1253 1384 1320 1443 fue-

102 1515 104 1520 .
185 1471 262 1544 rint,
280 1470 412 1547 pingens
432 1470 530 1548 ipsum
553 1477 679 1549 pontum
700 1468 912 1528 meridiantem
930 1469 1016 1527 facit.
1049 1467 1231 1544 Laboribus,
1247 1488 1322 1548 quos

184 1575 347 1633 perpessus
363 1555 417 1629 sit,
435 1554 581 1630 narratis,
599 1555 711 1632 ipsese
727 1556 850 1632 egregie
871 1553 1045 1613 consolatur
1062 1574 1144 1613 more
1166 1554 1321 1614 hominum

185 1640 321 1713 illorum,
345 1639 398 1719 qui
412 1639 599 1716 ‘argumenta
622 1658 777 1718 exponere
794 1648 912 1714 amant,
930 1659 1010 1719 quae
1029 1639 1199 1717 cuicunque
1215 1647 1321 1718 sponte

185 1745 219 1784 se
241 1723 378 1783 offerunt.
410 1723 475 1784 Sed
494 1743 569 1804 prae
592 1725 723 1784 caeteris
750 1725 878 1802 insignis
900 1733 947 1782 est
971 1722 1136 1801 descriptio
1155 1725 1320 1803 procellae,

186 1829 265 1890 quae
285 1809 413 1868 classem
430 1807 617 1868 Graecorum
632 1809 769 1885 disiecit,
788 1831 818 1869 ιι.
834 1817 886 1872 634
900 1810 1002 1886 ignem
1018 1817 1049 1866 et
1059 1829 1143 1868 mare
1158 1818 1251 1868 antea
1262 1808 1322 1868 sibi

184 1893 383 1952 infestissima
397 1893 504 1952 foedus
521 1894 627 1952 iniisse
642 1903 747 1952 narrat
760 1901 790 1953 et
803 1893 905 1970 legem
921 1893 985 1952 eius
1000 1892 1133 1952 foederis
1151 1893 1320 1953 ostendisse

186 1979 354 2035 exercitum
372 1976 559 2037 Graecorum
575 1977 718 2037 delendo.
744 1979 783 2038 V.
798 1986 850 2040 643
863 1985 1076 2054 tempestatem
1091 1977 1204 2037 malum
1217 1988 1319 2056 pasto-

183 2081 247 2119 rem
269 2069 370 2121 vocat.
400 2061 439 2121 V.
455 2070 506 2123 647
526 2069 663 2119 caeteras
677 2081 773 2120 naves
791 2062 905 2119 fractas
922 2080 1003 2134 esse,

382 2165 484 2276 Lirem
498 2197 530 2255 ys
545 2172 600 2253 μὲν
616 2167 653 2251 δὴ
667 2177 745 2235 ναῦν
759 2168 784 2235 τ’
782 2168 956 2277 ἀκήρατον
970 2171 1085 2253 σκάφος

382 2251 474 2320 Ητοι
488 2281 533 2331 τις
554 2249 796 2336 ἐξέκλεψεν
774 2281 793 2335 η
812 2253 1018 2342 ’ξητήσατο

396 2339 470 2416 Θεός
483 2366 541 2420 τις,
557 2365 612 2404 ουκ
627 2337 790 2424 άνθρωπος
804 2343 908 2418 οἴακος
922 2339 1031 2423 θιγων.

186 2465 347 2527 Sententia
366 2463 525 2544 praeconis
555 2463 634 2522 haec
659 2473 721 2524 est:
753 2465 910 2544 procellae
930 2466 1112 2524 saevitatem
1134 2465 1178 2522 ita
1200 2485 1319 2524 omnem

183 2551 304 2610 modum
326 2550 511 2623 excessisse,
535 2556 569 2606 ut
591 2569 651 2607 non
680 2550 779 2609 solum
799 2550 890 2608 homo
910 2549 1014 2607 nullus
1035 2549 1183 2626 effugere,
1206 2549 1319 2607 sedne

183 2636 264 2696 Deus
279 2633 402 2715 quidem
417 2634 507 2692 aliter
522 2633 670 2693 auxilium
686 2636 766 2694 ferre
780 2634 924 2712 potnerit,
938 2633 998 2693 nisi
1013 2642 1047 2692 ut
1061 2631 1169 2692 fraude
1187 2641 1239 2691 aut
1250 2653 1318 2712 pre-

184 2721 269 2780 cibus
285 2739 352 2778 cum
365 2721 442 2778 irato
455 2718 532 2776 mari
544 2727 659 2796 ageret.
689 2719 786 2779 Vides
801 2719 955 2778 hominem
968 2721 1044 2778 mira
1060 2717 1098 2777 de
1113 2719 1249 2778 Deorum
1264 2739 1318 2797 po·

182 2807 279 2866 tentia
299 2805 422 2864 notione
446 2801 602 2862 imbutum.
634 2806 779 2884 Denique
802 2805 833 2862 in
854 2804 921 2882 ipsa
936 2823 1016 2863 nave
1031 2804 1197 2864 Fortunam
1212 2824 1318 2863 conse·

183 2890 265 2949 disse
284 2898 404 2965 narrat,
429 2907 509 2967 quae
524 2889 639 2948 locutio
656 2899 686 2949 et
708 2891 776 2969 ipsa
793 2887 948 2967 proverbii
963 2889 1058 2948 instar
1074 2889 1169 2948 fuisse
1186 2889 1317 2964 videtur,

183 2975 222 3034 cf.
244 2975 324 3053 Nep.
346 2975 427 3032 Tim.
446 2983 478 3036 3:
501 2973 545 3032 Ut
562 2975 588 3034 si
604 2976 635 3033 in
656 2995 712 3034 sua
724 2975 799 3036 navi
812 2973 950 3033 Fortuna
967 2981 1060 3048 esset,
1077 2994 1136 3054 quo
1152 2974 1317 3034 contende·

180 3067 241 3132 rat,
263 3059 414 3137 pervenit.

247 3175 431 3256 Quicunque
446 3175 599 3235 hominem
616 3175 654 3235 de
669 3175 762 3254 plebe
780 3176 887 3254 paullo
907 3177 1046 3254 longiore
1062 3195 1201 3236 sermone
1223 3175 1317 3237 disse-

182 3269 300 3319 rentem
315 3259 447 3332 audivit,
468 3281 528 3318 non
542 3268 645 3338 potest
663 3281 725 3320 non
745 3259 998 3322 animadvertisse
1012 3260 1091 3320 nihil
1104 3262 1226 3338 saepius
1241 3263 1316 3335 fieri,

183 3365 274 3423 quam
298 3343 393 3402 ut'ob
415 3345 504 3402 nimis
528 3344 652 3422 longam
678 3346 897 3404 sententiarum
922 3346 1180 3405 continuationem
1206 3367 1316 3419 eorum,

183 3449 263 3509 quae
278 3430 364 3489 initio
381 3426 473 3500 dixit,
491 3427 602 3488 oblitus
616 3429 783 3488 orationem
802 3429 976 3508 abrumpat,
998 3439 1052 3488 aut
1071 3431 1109 3488 iis
1126 3429 1229 3488 verbis
1248 3450 1316 3488 sen-

182 3516 310 3574 tentiam
334 3512 490 3590 explicare
516 3522 641 3590 pergat,
662 3533 742 3592 quae
772 3534 839 3572 cum
863 3515 992 3573 caeteris
1014 3522 1086 3592 apte
1108 3514 1241 3572 construi
1262 3533 1316 3572 ne-

182 3610 305 3678 queant.
339 3597 378 3657 Id
399 3595 572 3676 Aeschylus
589 3618 783 3675 magnacum
808 3605 873 3656 arte
887 3599 1021 3656 imitatus
1037 3606 1098 3670 est,
1119 3617 1209 3674 quam
1224 3617 1318 3676 quum

181 3706 243 3744 non
272 3685 346 3743 satis
369 3683 580 3760 perspicerent
611 3682 757 3756 editores,
778 3683 861 3742 locos
886 3681 1050 3741 nonnullos
1072 3690 1226 3760 corruptos
1248 3701 1317 3742 esse

182 3777 382 3842 censuerunt,
403 3769 456 3846 qui
486 3776 516 3826 et
543 3768 696 3826 sanissimi
715 3775 833 3826 suntet
857 3766 1063 3845 pulcherrimi.
1101 3767 1212 3845 Neque
1237 3767 1317 3828 enim

180 3855 307 3914 hercule
324 3873 397 3912 casu
413 3851 528 3912 factum
544 3872 612 3915 esse
624 3851 782 3951 iudicabit,
797 3861 832 3910 ut
851 3851 946 3911 oratio
958 3851 1049 3910 toties
1063 3851 1111 3910 his
1125 3853 1233 3929 paucis
1248 3872 1315 3911 ver-

181 3939 264 3998 sibus
279 3939 388 4017 abrupt
376 3938 471 3996 vela
485 3936 673 4015 impedita'
649 3945 688 3996 s1t
690 3957 766 4016 ,qur
757 3937 847 3996 aliis
859 3937 936 3996 locis
948 3935 980 3994 id
994 3937 1059 3996 fere
1068 3957 1219 4017 nusquam
1235 3937 1316 4016 apud

181 4021 369 4101 Aeschylum
383 4023 450 4082 fieri
464 4023 661 4100 reputaverit.

266 4140 305 4199 V.
319 4150 347 4202 4.
384 4130 522 4239 ’Ἁστρων
538 4130 662 4200 κάτοιδα
679 4128 857 4214 νυκτέρων
846 4132 994 4218 ομήγνριν

387 4221 447 4282 Καὶ
460 4246 530 4297 τους
546 4221 689 4322 φέροντας
704 4229 790 4302 χεῖμα
803 4220 908 4282 saltet
909 4243 960 4301 ρος
971 4223 1090 4300 βροτοῖς

390 4299 557 4403 Λαμπροῦς
563 4301 738 4406 δυνάστας,
754 4306 955 4406 ἐμπρέποντας
972 4307 1087 4407 αὗθέρι

391 4377 579 4471 Ἠκίστὲρας,
563 4414 633 4452 οταν
648 4394 817 4470 φθίνωσιν,
831 4385 957 4478 ἀντολάς
972 4415 1002 4452 τε
1020 4395 1087 4452 τῶν.
