3246 5328
301 378 342 440 26
665 382 707 436 Da
725 383 891 436 carminibus
909 381 1072 454 Aeschyleis

301 555 379 616 nulli
401 553 584 614 dubitationi
605 551 767 611 obnoxiam
788 548 889 608 videri
907 567 999 626 posse
1013 571 1074 610 non
1088 571 1185 630 neg03
1201 562 1304 616 tamen
1320 557 1374 635 qui
1388 577 1435 615 re-

301 640 455 720 putaverit
483 639 650 717 posteriora
678 643 827 694 commata
853 633 1022 694 certissima
1042 656 1126 709 esse,
1153 637 1236 698 unde
1263 661 1281 698 ιι
1307 645 1436 718 σιοιχοῖς

302 725 387 785 chori
399 732 553 784 cantatum
564 742 631 782 esse
646 720 732 780 nulla
745 719 936 798 relinquatur
950 718 1134 794 dubitatio,
1126 741 1151 781 rs
1163 741 1263 801 pauca
1278 727 1341 800 illa,
1355 746 1435 806 quae

302 811 391 869 aliter
407 808 547 868 distribui
563 808 695 886 possint,
711 813 816 866 nostra
829 804 948 864 ratione
968 804 1171 866 describenda
1186 828 1255 870 esse
1270 812 1435 889 intelliget.

302 895 464 954 Caeterum
478 913 571 972 quum
583 890 744 972 quinquies
759 890 854 990 quina
868 890 930 948 sint
948 899 1113 966 commata,
1138 892 1296 970 probabile
1313 905 1359 956 est
1373 899 1434 974 pri·

300 1000 381 1039 mum
405 978 564 1038 choreutas
591 995 694 1038 omnes
715 976 863 1035 cecinisse
882 972 1033 1070 deinceps
1061 976 1213 1054 singulos,
1235 979 1306 1039 dein
1327 982 1435 1041 iterum

301 1084 369 1138 eos,
384 1064 438 1142 qui
453 1063 581 1142 primum
604 1070 636 1122 et
656 1061 779 1120 tertium
793 1045 912 1134 στοιχὸν
929 1070 1154 1158 componerent.
1182 1063 1220 1122 In
1236 1064 1337 1125 medio
1354 1068 1435 1126 enim

300 1150 411 1207 scimus
422 1169 475 1208 eos
490 1149 585 1208 fuisse
600 1146 774 1246 dispositos,
789 1145 842 1224 qui
854 1153 979 1223 propter
990 1145 1174 1225 imperitiam
1186 1148 1226 1206 ad
1239 1151 1323 1209 ebori
1333 1153 1436 1211 munia

301 1233 443 1292 obeunda
462 1233 591 1291 caeteris
614 1232 713 1289 minus
737 1229 840 1288 idonei
862 1237 965 1288 essent
973 1227 1003 1306 ¹)
1043 1228 1235 1293 Choreutae
1227 1243 1306 1294 mter
1323 1256 1435 1296 canen-

301 1317 373 1376 dum
386 1318 442 1376 has
461 1317 526 1376 fere
541 1317 687 1376 stationes
700 1313 854 1374 habuisse
863 1322 1101 1374 consentaneum
1117 1325 1164 1376 est

716 1402 1018 1510 ffed‘y'u'

717 1487 1019 1570 tamnes

713 1570 1041 1660 symmetriis.

723 1727 745 1793 ε’
787 1725 815 1814 μ’
857 1756 877 1793 α
926 1728 957 1834 β’
1000 1729 1026 1792 δ’

717 1807 754 1896 ff
796 1810 887 1877 δ’
865 1840 878 1878 ι
929 1811 957 1898 μ’
999 1813 1028 1878 α’

362 1922 443 1982 Nam
464 1941 647 2002 quamquam
672 1921 834 1984 choreutas
853 1943 913 1982 nou
934 1924 1073 1984 immotos
1096 1925 1235 1997 stetisse,
1262 1922 1317 1982 sed
1337 1926 1434 1984 multa

299 2007 461 2068 saltatione
485 2027 554 2067 usos
578 2026 645 2066 esse
671 2017 814 2088 apparet,
843 2009 1057 2068 conversiones
1083 2018 1114 2070 et
1138 2009 1237 2068 flexus
1263 2009 1434 2069 saltationis

303 2091 489 2170 multiplices
509 2093 605 2152 fuisse
626 2111 678 2152 eos
696 2101 936 2153 consentaneum
953 2102 1014 2168 est,
1036 2093 1119 2154 unde
1137 2094 1309 2174 aequalitas
1328 2096 1432 2168 omnis,

301 2198 361 2257 qua
373 2185 513 2236 cantores
531 2176 672 2256 dispositi
687 2185 803 2252 essent,
820 2179 912 2237 etiam
926 2180 1024 2258 magis
1039 2181 1205 2259 conspicua
1218 2185 1300 2238 esset
1313 2188 1433 2256 specta-

298 2259 455 2338 toribus²).
479 2261 641 2340 Stropham
661 2271 691 2321 et
704 2263 822 2322 antistr.
825 2283 935 2344 ,quae
951 2271 1022 2342 post
1036 2274 1185 2324 commata
1200 2263 1371 2342 descriptae
1387 2285 1433 2324 se-

301 2355 446 2428 quuntur,
463 2367 482 2404 a
499 2346 687 2405 semiohoriis
707 2355 846 2406 cantatas
862 2367 930 2408 esse
948 2347 1109 2428 probabile
1126 2357 1181 2410 est.

365 2431 557 2490 Simillimam
567 2431 715 2489 rationem
728 2429 812 2489 aliud
830 2451 952 2491 carmen
965 2433 1101 2492 eiusdem
1114 2432 1238 2492 fabulae
1252 2453 1281 2490 v.
1297 2441 1351 2495 854
1364 2454 1432 2514 sqq.

290 2503 433 2591 ’habets
424 2537 456 2574 ιιι
470 2534 532 2594 qua
547 2515 640 2594 plane
655 2516 762 2574 mirum
777 2524 824 2576 est
840 2515 970 2576 eundem
985 2538 1142 2578 numerum
1160 2537 1228 2578 esse
1244 2526 1433 2591 commatum,

301 2620 391 2680 quem
406 2601 438 2660 in
453 2600 680 2660 antecedente
671 2601 852 2660 mvenimus.

527 2709 687 2814 Προῳδος.
717 2707 850 2812 quod‘
835 2737 852 2776 o
866 2741 901 2777 α.
938 2711 1191 2817 (Πρωιοστάται).

464 2802 504 2864 Α.
527 2789 577 2859 ’Isi
593 2775 844 2896 δἰιςαδελφόταται
860 2802 963 2862 πασῶν
978 2792 1085 2862 ὁπόσαι

522 2875 663 2960 «στρόφον
679 2881 804 2960 ἕσθησιν
819 2881 1058 2987 περιβαλλονται,

529 2969 600 3028 stul
583 2991 636 3070 ω,
652 2965 807 3070 στένομαι,
824 2969 875 3030 καὶ
891 2965 978 3044 δόλος
993 2963 1092 3044 οὐδεὶς

527 3043 569 3132 μὴ
583 3044 613 3113 ἰι
627 3043 737 3133 φρενὸς
751 3045 852 3134 ὀρθῶς
864 3077 899 3130 με
914 3055 1057 3135 λιγαίνειν
1064 3055 1100 3134 ¹.)

718 3174 780 3235 Str.
797 3195 817 3231 α
816 3165 942 3252 ’Χοροᾷ
958 3163 1027 3252 dd.

465 3258 502 3316 B.
525 3244 842 3354 ’1οὐιούιιόςφρονες,

529 3330 657 3438 ptiust
639 3355 757 3400 ατιιστοι
769 3339 819 3400 καὶ
833 3342 937 3402 κακῶν
951 3330 1131 3422 ἀτρύμονες,

529 3417 685 3507 πατρῴους
699 3417 809 3525 δόμοις
824 3419 908 3486 ἑλόν-

529 3531 575 3583 τες
588 3483 684 3589 μέλεοι
700 3501 757 3571 σύν
772 3499 861 3594 cil-uqi

784 3609 887 3691 Χοροῦ
901 3601 917 3672 ὁ
933 3603 968 3690 μ’.

462 3699 499 3758 B.
529 3692 643 3756 Μέλεοι
660 3687 748 3772 δῆθ’,
765 3698 796 3757 οἳ
809 3693 929 3794 μελέους
942 3691 1093 3766 θανάτους

530 3771 653 3858 εὕροντο
668 3773 768 3858 δόμων
782 3779 831 3841 ἐπὶ
848 3773 935 3864 λύμῃ.

678 3882 809 3942 Antistr.
827 3903 847 3938 α
847 3870 1057 3957 ’Χοροῦὁιῖ.

466 3964 502 4024 C.
528 3955 577 4023 'Id
593 3956 787 4042 ἰῶᾶωμᾶτων

369 4160 393 4225 l)
369 4160 467 4211 rof
496 4161 615 4227 Hesyeh
647 4178 669 4212 s
697 4177 724 4212 v.
755 4157 889 4223 γραμμαί.
925 4157 1023 4209 Pollux
1051 4160 1100 4220 IV,
1127 4157 1235 4226 108q
1201 4175 1260 4229 sqq
1331 4158 1428 4224 sor.)

295 4229 416 4282 Boeckh.
436 4230 469 4280 de
487 4231 575 4296 tragg.
592 4246 632 4295 gr.
653 4247 679 4294 p
697 4230 739 4280 74.
776 4230 869 4278 Herm.
891 4228 926 4278 ad
945 4227 1028 4292 Soph.
1049 4196 1115 4278 Oed.
1134 4227 1191 4277 Col.
1217 4244 1243 4279 v
1264 4227 1324 4279 208.
1400 4196 1428 4295 3)

295 4301 354 4351 Hos
375 4301 543 4364 anapaestos
561 4299 694 4363 proodum
712 4313 772 4348 esse
796 4297 938 4361 sequentia
960 4297 1090 4348 carminis
1114 4297 1177 4347 inde
1199 4303 1331 4380 apparet,
1357 4301 1429 4364 quod

295 4370 345 4420 alii
366 4370 514 4434 anapaesti
532 4368 654 4432 proxime
674 4365 850 4428 antecedunt,
870 4382 886 4414 a
906 4366 1062 4431 coryphaeo
1081 4367 1203 4430 recitati,
1221 4368 1251 4417 in
1270 4369 1367 4433 quibus
1385 4385 1429 4418 co-

295 4440 421 4491 hortatio
439 4439 611 4501 continetur,
636 4439 667 4486 ut
686 4435 828 4502 planctum
843 4403 984 4487 inchoent.
