3230 5308
305 411 341 472 tt)
669 413 709 464 De
725 411 889 463 carminibus
906 409 1068 478 Aeschyleis

302 578 373 640 inde
390 580 421 638 in
439 579 549 637 mentis
564 577 646 636 mala
661 577 885 655 praesagientis
901 595 1028 635 sensum
1037 576 1197 637 inclinant.
1229 577 1266 635 In
1281 587 1436 655 postrema

302 665 419 723 antistr.
437 683 545 723 caussa
559 663 672 722 timoris
693 661 844 720 indicatur
858 662 1022 720 Persarum
1040 662 1070 719 iu
1091 661 1183 719 rebus
1204 663 1369 724 navalibus
1389 666 1434 724 in·

302 749 495 828 experientia
510 757 540 806 et
554 767 630 826 pens
645 746 851 825 Hellesponto
871 747 1044 826 impositus,
1068 745 1148 825 qued
1165 747 1253 806 nefas
1272 749 1367 808 inisse
1385 771 1433 810 su·

302 835 473 913 spieantur,
495 831 577 892 unde
599 851 709 890 revera
731 832 936 890 calamitatem
952 839 1048 890 ortam
1065 851 1132 892 esse
1147 831 1261 892 Darius
1282 834 1364 892 infra
1380 855 1433 894 ex-

302 920 386 998 ponit
400 915 433 1000 ¹).

362 1003 399 1062 In
421 1002 554 1060 carmine
579 1001 760 1079 Supplicem
780 999 919 1059 canendo
938 1000 1098 1060 choreutas
1114 1000 1145 1058 in
1160 1001 1342 1061 semichoria
1357 1003 1434 1062 divi-

300 1111 348 1148 sos
363 1087 457 1148 fuisse
476 1087 507 1145 in
524 1084 681 1144 codicibus
701 1093 839 1144 notatum
856 1093 910 1144 est.
945 1084 1073 1143 Alteras
1096 1094 1165 1144 sunt
1180 1086 1340 1146 Danaides
1355 1089 1433 1150 timi-

301 1173 375 1246 dae,
392 1172 471 1230 malo
485 1171 602 1242 emine,
619 1169 702 1250 quod
717 1171 817 1230 fausta
827 1170 1048 1250 Aegyptiorum
1067 1171 1224 1248 navigatio
1239 1171 1433 1250 praebuerat,

301 1259 442 1328 territae,
464 1275 547 1334 spem
568 1275 654 1314 suam
672 1276 789 1314 ornnem
812 1257 843 1314 in
864 1253 1006 1334 precibus
1029 1256 1165 1313 Deorum
1186 1264 1217 1314 et
1236 1257 1431 1334 supplicatio-

191 1391 194 1398 .
300 1341 390 1402 nibus
413 1347 608 1418 reponentes.
642 1339 717 1398 Cum
739 1339 787 1398 his
810 1340 996 1401 altercantur
1020 1338 1140 1416 (iudea
1161 1360 1189 1398 v.
1212 1339 1295 1417 1051)
1316 1343 1433 1404 alterae

304 1425 497 1498 audacioreS,
525 1424 570 1484 nil
584 1445 644 1483 non
662 1423 757 1483 fatale
772 1423 1001 1504 praedicantes,
1026 1445 1086 1482 uon
1104 1424 1316 1483 liberationem
1337 1448 1356 1484 a
1376 1450 1433 1488 nu·

300 1512 388 1592 ptiis,
411 1509 465 1570 sed
484 1517 553 1589 post
574 1509 695 1588 nuptias
711 1509 871 1568 victoriam
887 1529 905 1566 a
920 1509 988 1568 Diis
1002 1518 1165 1588 precantes
1174 1507 1209 1584 ²).
1228 1509 1333 1570 ‚Unde
1349 1523 1435 1589 patet

303 1616 340 1654 oa
356 1616 449 1656 scena
464 1594 503 1654 ad
519 1613 651 1674 sequeus
667 1593 808 1671 trilegiac
834 1593 939 1652 drama
962 1593 1113 1672 praeludi.
1147 1595 1212 1652 Iam
1232 1616 1305 1654 vero
1327 1596 1379 1654 ubi
1402 1600 1434 1658 iu

302 1679 487 1740 editionibus
499 1679 608 1738 nostris
624 1678 807 1737 semichoria
822 1687 979 1751 notantur,
996 1699 1057 1738 uon
1074 1699 1193 1758 seraper
1210 1688 1273 1738 tota
1287 1701 1347 1739 uno
1363 1703 1431 1742 eon·

304 1775 408 1840 centu,
434 1763 489 1822 sed
512 1783 663 1842 persaepe
686 1783 788 1822 eorum
809 1763 860 1822 vel
882 1762 1024 1822 ductores
1045 1764 1097 1822 vel
1122 1765 1283 1824 choreutas
1301 1761 1433 1827 invicem

301 1849 437 1928 singulos
454 1849 601 1908 cecinisse
616 1847 774 1926 probabile
793 1846 882 1922 est³).
907 1847 1007 1925 Quam
1022 1849 1113 1908 huius
1128 1851 1268 1909 carminis
1283 1851 1433 1912 rationem

302 1935 396 1995 fuisse
411 1943 535 2016 propter
554 1953 696 1994 numeros
713 1931 845 1992 dubitari
860 1955 919 1991 non
935 1941 1036 2012 potest
1052 1931 1094 2011 (v.
1113 1935 1193 1992 infra
1210 1932 1240 2010 ξ.
1261 1933 1318 2012 10).

825 2066 899 2144 ιι.

671 2168 704 2223 lle
721 2168 794 2222 torna
811 2169 938 2222 carminum
957 2169 1058 2240 apellei.

366 2259 479 2318 Forma
503 2261 669 2319 carminum
691 2255 819 2338 epodica
840 2280 859 2318 a
879 2259 1056 2320 Stesichoro
1081 2257 1208 2315 inventa
1234 2277 1300 2316 esse
1325 2258 1431 2318 fertur.

301 2345 416 2403 Marius
431 2345 604 2404 Victorinus
618 2345 696 2403 haec
710 2346 805 2402 refert
816 2342 859 2422 ⁴2)
888 2347 999 2420 Antiqui
1013 2346 1135 2400 Deorum
1150 2345 1246 2400 laudes
1264 2346 1433 2401 earmmibus

301 2429 515 2502 eoruprebensns
536 2433 640 2486 eirerrm
655 2447 723 2486 ures
745 2447 838 2488 eorum
856 2439 951 2487 erentes
970 2430 1119 2496 canebant,
1142 2431 1221 2484 euius
1234 2432 1357 2501 nmmum
1371 2449 1432 2484 am-

300 2517 396 2586 bitum,
420 2516 736 2588 queminprediebuntur
756 2517 1023 2588 empuradense,
1044 2527 1177 2588 στροφιιν
1198 2515 1339 2570 vocabunt.
1372 2515 1429 2571 Re

300 2602 449 2658 versionem
471 2607 561 2658 aretem
582 2603 770 2658 sinistrorsum
788 2599 898 2673 factem
918 2602 1050 2671 complete
1067 2601 1167 2670 priore
1189 2599 1286 2656 ordine
1302 2603 1431 2656 antcire-

296 2685 373 2758 ιιΙιοιι
394 2686 578 2758 appellabunt.
612 2685 716 2741 Dein
705 2703 735 2741 m
754 2691 903 2757 conspeetu
922 2685 1045 2741 Deorum
1068 2685 1140 2739 soliti
1160 2687 1310 2740 eerru'stere
1331 2688 1435 2742 cantici

300 2772 407 2842 relique
434 2770 671 2842 contemnebantur
693 2771 865 2841 appellantes
880 2771 909 2824 id
927 2771 1107 2841 epodon—
1137 2767 1276 2826 Similem
1295 2767 1431 2826 ordinem

301 2853 393 2909 etiam
413 2853 444 2910 in
468 2861 536 2950 trag
517 2850 628 2910 “cedia
649 2849 814 2911 obtinuisse
842 2852 936 2912 schol.
961 2851 1001 2909 ad
1021 2851 1128 2947 Eurip.
1149 2852 1227 2911 Hoc.
1250 2859 1301 2914 647
1324 2851 1429 2911 docet:

297 2923 405 2994 Ἰστέον
418 2927 504 3010 δέ,”
487 2956 532 2994 ort
548 2924 603 3010 τὴν
618 2931 673 3032 μὲν
691 2924 825 3012 στροφὴν
842 2927 1014 3036 κινούμενοι
1034 2955 1135 3030 προς
1124 2925 1160 2994 τὰ
1181 2925 1261 3008 δεξιοὶ
1281 2934 1314 2994 οἱ
1329 2957 1430 3034 χορευ

301 3015 349 3078 ταὶ
361 3001 460 3114 prior,
478 3008 544 3118 τὴν
568 3008 642 3080 δὲ’
626 3038 825 3100 αντιστροφην
845 3010 919 3098 πρὸς
939 3013 974 3080 rei
994 3011 1150 3099 deterreri,
1179 3010 1234 3096 τὴν
1258 3017 1290 3081 δὲ
1313 3011 1430 3102 ἐπῳδὸν

302 3081 453 3180 ἱστάμενοι
471 3088 555 3186 ᾖδον.

361 3190 423 3250 Sed
445 3191 611 3250 carminum
632 3189 825 3269 apodicerum
848 3190 963 3269 duplex
984 3200 1030 3250 est
1054 3199 1101 3248 rat
1104 3192 1142 3248 io.
1185 3191 1264 3251 Sunt
1291 3191 1430 3268 longiora

301 3277 449 3348 earmina,
477 3275 635 3355 inquibus
655 3295 716 3334 una
732 3276 847 3355 epodus
863 3275 1000 3355 pluribus
1017 3275 1206 3353 stropharum
1219 3275 1342 3354 paribus
1359 3277 1427 3335 sub-

300 3359 414 3434 iicitur,
438 3380 565 3440 quorum
584 3360 734 3418 rationem
750 3381 768 3418 a
790 3361 973 3420 carminibus
988 3361 1077 3420 trium
1093 3361 1283 3438 stropharum
1297 3362 1427 3440 plerum-

300 3464 359 3524 que
381 3444 502 3505 dilserre
524 3465 586 3504 nen
608 3453 655 3504 cst
678 3443 809 3504 dubium.
841 3445 930 3522 Quae
946 3445 1042 3504 tribus
1060 3445 1190 3523 strophis
1208 3455 1363 3520 constant,
1389 3467 1428 3505 ea

299 3529 464 3590 scholiasta
486 3529 577 3590 docet
599 3539 712 3588 certam
728 3531 924 3590 saltationem
942 3529 1130 3608 babuisse⁵).
1162 3531 1200 3588 In
1214 3532 1336 3608 stropha
1352 3529 1427 3590 dex-

298 3621 442 3690 trorsum,
462 3617 493 3676 in
509 3615 700 3693 antistropha
714 3616 918 3676 sinistrorsum
932 3635 965 3674 se
981 3615 1213 3688 convertebant,
1233 3617 1263 3673 in
1279 3615 1376 3693 epodo
1395 3618 1427 3676 iu

298 3699 398 3760 medio
421 3702 596 3760 orchestrae
621 3701 689 3758 loco
710 3701 887 3778 congregati
907 3708 1001 3760 erant.
1036 3701 1166 3778 Propter
1181 3709 1355 3759 accuratam
1369 3701 1426 3758 ali-

299 3804 389 3864 quam
402 3785 645 3864 responsionem,
666 3804 727 3864 qua
744 3785 922 3864 plerumque
938 3786 1126 3859 sententiae,
1151 3805 1231 3864 quae
1251 3787 1282 3844 in
1303 3785 1427 3864 stropha

304 3927 404 3936 ——-
439 3929 511 3936 ---—

369 3997 397 4059 i)
419 3999 501 4050 Aliud
524 4005 710 4064 argumentum
730 4001 922 4064 gravissimum
944 4002 1022 4052 cheri
1044 4017 1098 4052 neu
1121 4004 1220 4067 integri
1246 4019 1273 4053 v
1298 4019 1360 4068 pag.
1382 4003 1425 4054 11.

299 4063 392 4128 ⁸2)OE
417 4083 462 4118 vv
483 4069 550 4118 ture
568 4084 628 4132 sqq
654 4073 682 4119 et
699 4070 764 4120 retr
784 4085 842 4136 sqq.
885 4072 914 4122 Si
936 4087 1030 4122 verum
1054 4077 1096 4122 est
1119 4073 1173 4122 duo
1192 4073 1354 4122 semichoria
1371 4072 1425 4122 hac

299 4135 408 4186 ratione
427 4135 512 4186 tuisse
530 4137 583 4187 sibi
601 4138 739 4200 opposita,
757 4141 829 4203 qttod
845 4142 988 4202 neminem,
1008 4143 1054 4206 qui
1070 4157 1179 4191 carmen
1193 4141 1337 4206 diligenter
1352 4142 1425 4206 lege-

299 4203 349 4261 rit,
369 4211 602 4267 iteraturumesse
618 4207 738 4265 conlido,
758 4210 883 4273 sequitur
901 4227 987 4276 neque
1009 4225 1079 4276 quse
1096 4212 1178 4276 vulgo
1193 4210 1317 4293 legatur,
1336 4227 1424 4275 neque

300 4288 381 4338 quani
406 4273 551 4324 ΒιιιιιΙιὶι.ι
543 4289 572 4323 ιιι
592 4274 661 4324 libre
679 4276 712 4326 de
732 4281 819 4341 trega
840 4295 880 4342 gr
900 4296 925 4344 p
946 4281 978 4331 61
997 4296 1057 4346 sqq
1080 4281 1201 4340 dederit,
1226 4281 1356 4330 carminis
1378 4280 1425 4330 de

298 4343 475 4408 scriptionem
498 4357 591 4392 veram
615 4359 683 4394 esse.
719 4347 751 4394 l.
777 4346 893 4410 inira&
921 4349 961 4400 10
1032 4348 1113 4403 stt.
1135 4349 1253 4399 Beeclrb
1277 4351 1311 4400 de
1334 4354 1423 4413 tragg.

296 4427 337 4476 ιιι.
358 4427 386 4477 ιι.
405 4412 449 4464 aa.
506 4409 700 4463 l·.l(hsrnmat
719 4413 767 4462 lat
786 4415 827 4464 ed
844 4417 955 4468 Petsch.
975 4435 1001 4484 p.
1021 4418 1100 4468 ‘2501
1171 4417 1255 4482 5)Ci.
1269 4418 1371 4470 Genell.
1389 4419 1422 4468 de

298 4480 404 4532 theatro
423 4479 667 4546 Atheniensiump.
688 4481 738 4534 138
755 4497 814 4548 sqq
