3254 5304
407 446 653 500 Coniectaneorum
670 447 697 500 in
711 451 808 517 poetas
825 467 940 516 graecos
958 451 1046 520 capita
1063 452 1145 548 dum·
1273 452 1332 514 149

197 614 327 673 imitatos
343 633 411 673 csse
428 621 565 692 apparet.
594 611 769 694 Aeschylus
786 623 886 674 autem
897 619 989 694 post
980 627 1087 678 mvent
1088 639 1107 676 a
1075 619 1159 679 tab
1175 620 1244 682 aliis
1259 625 1332 682 artis

196 699 333 776 tragicae
348 699 436 758 initia
451 720 526 778 opus
542 698 618 758 rude
631 698 798 757 admodum
813 701 927 778 primus
949 710 995 760 art
997 703 1021 763 is
1038 705 1126 782 quasi
1141 705 1227 782 signo
1247 717 1332 767 nota·

196 785 256 858 vit,
278 782 318 842 ad
339 805 484 842 summam
507 783 589 843 idem
613 781 828 842 sublimitatem
848 787 1005 863 provexit,
1033 796 1064 845 ιι
1091 786 1129 846 de
1157 793 1333 852 oeconomia

197 868 322 928 fabulae
336 876 402 927 rect
405 888 421 926 e
437 869 509 927 insti
511 867 633 942 tuenda,
650 867 688 927 dc
701 877 747 926 art
735 869 815 927 tibus
830 870 946 928 musica
963 879 994 929 et
1010 871 1069 928 salt
1057 873 1175 947 tatoria,
1194 873 1232 932 de
1249 877 1332 936 cultu

198 963 229 1014 ιι
246 954 445 1012 exornatione
464 973 576 1012 scenae
597 953 640 1010 ita
655 955 779 1025 meruit,
800 957 857 1012 ut'
849 975 914 1014 rure
933 974 987 1013 suo
1005 963 1093 1033 pater
1108 958 1181 1015 artis
1197 961 1332 1036 tragicae

198 1037 338 1116 apudt
295 1036 338 1095 At
339 1037 502 1097 henienses
522 1037 649 1097 haberet
637 1035 725 1116 t¹.ur)
757 999 849 1099 Guius
868 1039 1035 1098 sublimitat
990 1041 1094 1099 ιιιίιι
1111 1041 1170 1100 οιίι
1184 1044 1331 1119 magnilo-

198 1123 341 1203 quentiae
357 1123 437 1180 inter
451 1131 504 1182 vet
507 1143 572 1182 eres
583 1131 691 1202 poetas
706 1124 839 1223 tragicos
853 1144 941 1183 nemo
953 1133 999 1184 est
1013 1125 1066 1204 qui
1082 1127 1214 1184 conferri
1228 1129 1332 1204 possit,

197 1210 276 1266 inter
296 1207 482 1267 recentiores
499 1228 601 1267 omnes
615 1228 693 1266 unus
714 1209 766 1288 qui
789 1210 821 1267 in
838 1229 961 1269 censum
982 1210 1094 1268 veniat.
1075 1208 1189 1269 tSed
1204 1211 1332 1271 laudare

195 1313 258 1352 nou
287 1293 413 1365 attinet,
441 1293 488 1351 cni
512 1291 605 1352 hodie
629 1313 691 1374 non
717 1295 838 1374 estqui
861 1294 995 1372 palmam
1020 1302 1214 1373 praereptam
1237 1297 1331 1373 velit3

195 1397 380 1458 quamquam
396 1377 499 1436 mirari
516 1376 598 1436 subit
610 1377 770 1436 multorum
781 1377 936 1456 quondam
951 1379 1121 1437 criticorum
1136 1397 1242 1440 sensus
1256 1381 1332 1441 adeo

196 1463 291 1521 fuisse
318 1461 446 1521 hebetes
473 1470 564 1541 atquc
586 1461 705 1537 tardos,
726 1469 760 1521 ιιι
783 1462 942 1523 fatendum
967 1464 1007 1522 sit
1032 1461 1114 1542 apud
1137 1461 1258 1526 Atticos
1281 1467 1333 1525 vel

194 1547 373 1606 rusticorum
394 1566 483 1606 aures
504 1547 618 1606 rectius
640 1547 817 1628 aestimasse
837 1549 961 1628 poesin,
985 1567 1075 1626 quam
1098 1547 1177 1606 inter
1195 1549 1330 1609 Franco-

195 1632 292 1710 gallos
308 1631 361 1710 qui
376 1633 548 1691 criticorum
563 1632 694 1691 omnium
710 1639 740 1690 et
754 1632 922 1692 doctissimi
934 1629 1087 1710 quondam
1100 1630 1286 1692 haberentur
1301 1644 1332 1693 ιι

195 1717 424 1794 elegantissimi.
454 1717 546 1775 Hunc
568 1717 660 1794 igitur
674 1725 797 1797 poetam
813 1738 905 1798 quum
922 1737 961 1775 ex
978 1736 1037 1796 quo
1052 1724 1187 1795 tempore
1202 1719 1331 1796 primum

194 1803 226 1860 in
248 1821 284 1860 co
305 1800 437 1878 legendo
460 1810 600 1861 versatus
624 1822 703 1875 sum,
731 1822 846 1861 summo
868 1821 968 1860 amore
987 1801 1164 1879 complexus
1181 1822 1279 1862 essem
1301 1812 1332 1862 ct

193 1885 409 1960 admiratione,
425 1906 479 1964 pro
493 1894 580 1964 parte
594 1906 663 1945 mea
677 1885 896 1944 elaborandum
909 1894 993 1944 ratus
1007 1893 1041 1945 ut
1052 1887 1234 1946 tollerentur
1247 1908 1330 1947 men·

195 1969 268 2044 dae,
293 1970 402 2048 quibus
422 1971 588 2029 innumeris
612 1970 765 2048 scriptoris
784 1969 882 2028 divini
903 1990 995 2049 opera
1011 1978 1142 2044 scatent,
1159 1970 1211 2029 diu
1230 1980 1331 2030 estex

195 2074 255 2132 quo
274 2055 320 2112 illi
333 2053 386 2112 vel
410 2053 611 2131 intelligendo
625 2054 738 2112 rectius
755 2053 807 2112 vel
824 2053 1014 2112 emendando
1032 2074 1153 2131 operam
1169 2056 1260 2113 enixe
1276 2057 1330 2113 im-

194 2137 297 2217 pendi.
333 2136 432 2214 Quam
455 2136 666 2196 commendare
700 2138 825 2215 cupiens
848 2137 931 2196 Viris
959 2135 1057 2196 doctis
1084 2137 1331 2216 Ohocphcrorum

196 2223 362 2282 editionem
380 2241 478 2300 nuper
492 2223 523 2280 in
538 2222 638 2280 lucem
655 2222 750 2280 emisi.
779 2222 820 2279 Et
833 2220 916 2280 oblat
904 2229 935 2279 ta
949 2222 1008 2280 hac
1019 2221 1172 2280 scribendi
1189 2232 1329 2300 opportu-

194 2308 291 2366 nitate
306 2307 405 2384 selegi
421 2306 571 2366 nonnulla
587 2325 625 2364 ex
642 2306 743 2383 ampla
767 2325 866 2386 quam·
861 2314 947 2365 ·tcae
949 2326 1020 2364 erae
1042 2305 1165 2366 fabulae
1180 2308 1331 2385 praebent

196 2393 314 2451 conicct
302 2391 388 2451 tandi
402 2399 463 2451 mat
467 2391 539 2462 eric,
552 2409 630 2490 quae
645 2390 797 2449 commode
812 2392 935 2449 tractari
946 2399 1081 2470 possent.
1106 2391 1193 2450 Idem
1201 2390 1329 2472 (qmppe

194 2463 341 2554 μεταβολὴ
362 2468 483 2534 πάντων
497 2467 606 2550 γλυκύ)
624 2475 708 2533 varie
710 2483 774 2534 tate
793 2484 875 2534 certe
894 2474 954 2534 dist
942 2475 1140 2552 itngucndam
1156 2485 1204 2535 rat
1205 2497 1240 2534 us
1258 2478 1329 2535 scri-

192 2560 398 2640 ptiunculam,
415 2557 522 2618 addidi
538 2558 668 2618 alterum
684 2569 776 2638 capnt
791 2561 822 2618 in
839 2559 975 2620 diversos
992 2569 1066 2640 poet
1068 2581 1100 2620 as
1116 2580 1241 2639 graecos
1259 2581 1327 2622 con-

193 2648 324 2707 iecturas
341 2639 510 2706 continens.

646 2809 814 2871 Garun
847 2810 873 2868 I.

253 2930 457 2991 Eumenidum
471 2949 502 2989 v
518 2940 569 2993 103
584 2949 652 3010 sqq.
645 2929 761 3006 .vulg0
777 2929 855 2988 hacc
871 2928 1028 3007 leguntur:

394 3023 473 3100 Ὅρα
489 3025 520 3088 δὲ
535 3021 649 3130 κιργδις
664 3022 749 3100 τοὶςδε
766 3027 888 3106 καρδίας
904 3025 1002 3088 σέθεν.

399 3107 592 3172 Εὕδοιισα
557 3136 614 3192 γαρ
630 3103 712 3217 φρὴν
727 3106 858 3213 ὄμμασιν
872 3107 1082 3192 λαμπρύνεται.

399 3187 451 3255 Ἐν
466 3186 576 3280 ἡμέρα
577 3196 609 3258 δὲ
625 3191 706 3276 μοῖρ’
728 3190 916 3276 ἀπρόσκοπος
931 3199 1058 3278 βροτῶν.

256 3315 306 3374 Ι)ι
327 3307 477 3394 scriptura
500 3317 554 3374 et'
546 3337 577 3374 ιιι
578 3318 799 3396 terpretationc
816 3317 923 3376 horum
936 3337 1079 3376 versuum
1094 3317 1170 3375 mult
1158 3325 1222 3374 tum
1235 3337 1328 3397 quac-

193 3400 282 3459 situm
311 3407 357 3458 cst
381 3401 461 3459 inter
489 3401 580 3461 Viros
609 3400 731 3476 doctos,
759 3401 872 3482 quippe
898 3421 1023 3480 quorum
1054 3409 1175 3460 sentent
1177 3402 1207 3458 ia
1239 3422 1331 3479 quum

192 3483 352 3564 praeclara
372 3483 580 3544 videreturct
549 3485 707 3562 etpulcre
727 3505 872 3564 expressa
889 3482 950 3562 (est
974 3492 1074 3543 autem
1096 3483 1260 3559 eiusmodi,
1289 3484 1329 3542 ad

192 3589 283 3649 quam
296 3571 349 3650 qui
365 3570 482 3628 somnia
498 3553 645 3648 interpret
647 3572 691 3629 ari
707 3579 809 3629 amant
824 3589 990 3648 provocare
1006 3567 1149 3667 possint),
1170 3576 1272 3627 tamen
1290 3567 1329 3626 ad

192 3675 306 3714 nexum
323 3654 383 3713 loci
397 3675 505 3734 parurn
521 3656 709 3714 conveniret.
735 3654 822 3713 Libri
836 3675 943 3732 parum
956 3653 1088 3713 variant.
1119 3654 1218 3713 Versu
1233 3653 1329 3750 primo

191 3737 299 3816 καρδία
316 3734 507 3800 oe'dcvRG.
512 3737 645 3840 ,καρδια
660 3736 804 3799 σέθενΜ.
813 3759 861 3819 ap.
868 3739 989 3816 Weigq
1004 3758 1033 3796 v.
1048 3743 1108 3796 tert
1109 3737 1138 3795 io
1153 3737 1242 3813 μοῖρα
1257 3728 1337 3813 repri-v

193 3839 301 3897 σκοπος
315 3825 357 3883 Μ.
372 3823 412 3883 Α.
416 3826 528 3923 ,μοῖρα
544 3816 836 3900 πρόσκοκτοςΒ.-
795 3825 979 3885 —Versum
993 3823 1122 3926 primum
1139 3821 1225 3879 vario
1239 3820 1329 3880 modo

193 3909 392 3969 emendarunt
380 3909 514 3970 tcritici.
548 3905 680 3982 Καρδίας
699 3903 771 3967 εθεν
793 3910 872 3969 coni.
889 3907 993 3978 Cant,
956 3916 1041 3966 tut
1059 3901 1131 3964 eden
1145 3907 1185 3964 ιιι
1198 3900 1330 4000 ριοέἐ

193 3997 265 4065 θεν,
281 3993 364 4072 quod
379 3995 452 4054 olim
471 3995 590 4072 recepit
603 3995 726 4092 Herm.
748 3982 863 4053 simul‘
852 4011 939 4067 ορατε
954 3981 1116 4070 legens3⁰
1100 4009 1155 4068 ορα
1171 3985 1203 4048 δὲ
1216 3978 1331 4067 πληγὰς

196 4069 281 4146 τάςδε
295 4075 404 4160 καρδία
419 4075 509 4138 σέθεν
525 4080 626 4150 Butl,
649 4066 705 4160 δρα
692 4074 754 4138 δὲ
771 4069 885 4179 κιργδις
900 4069 984 4147 triade
1002 4073 1109 4152 καρδία
1125 4070 1216 4134 σέθεν
1231 4075 1327 4136 Well.

195 4159 301 4218 Mucll.
304 4181 386 4238 ,ορα
404 4159 435 4222 δὲ
454 4153 568 4242 πληγὰς
582 4156 669 4233 τοὶςδε
685 4161 808 4238 καρδίας
822 4159 898 4221 ὅθεν
912 4162 1026 4236 Herm,
1042 4159 1134 4237 „vide
1151 4159 1233 4218 unde
1248 4159 1327 4218 haec

194 4241 323 4302 vulnera
342 4245 448 4320 cordis,
466 4249 497 4308 h.
514 4269 540 4308 e.
559 4249 688 4306 vulnera
704 4248 896 4307 afiliomatri
913 4247 1059 4306 inflicta.
1031 4248 1048 4277 “
1089 4244 1189 4322 Quam
1205 4251 1327 4302 sentcn-

194 4329 267 4386 tiam
280 4328 459 4406 impugnans
472 4331 729 4408 quchnellcrus
742 4333 859 4393 monuit
847 4332 951 4392 tinfra
965 4289 1076 4391 vulnus
1091 4329 1169 4388 collo
1182 4327 1277 4385 inflict
1265 4333 1329 4384 tum

265 4508 290 4574 1)
304 4511 336 4560 V.
357 4507 485 4558 Philostr.
506 4511 538 4559 V.
561 4510 686 4574 Apollon.
714 4513 754 4562 ed.
774 4513 864 4564 Olear.
884 4529 910 4578 p.
930 4515 990 4562 244.
