3254 5304
290 407 349 467 154
495 410 741 462 Coniectaneorum
760 409 787 460 in
801 413 898 479 poetas
913 427 1027 476 graecos
1042 410 1130 480 capita
1146 410 1211 463 duo.

289 579 455 654 „Blutleer
481 598 618 678 gesogen
639 597 701 636 von
718 577 896 650 Ditmonen‚
923 577 1176 655 schattengleich.
1186 579 1203 610 “
1232 579 1429 640 Hermannns

289 673 391 724 autem
406 666 467 722 iam
486 666 517 723 in
533 663 667 722 editione
681 682 760 721 anno
778 663 945 726 iurulenta
961 671 1032 721 ante
1046 684 1153 722 vocem
1165 657 1346 739 δαιμόνων
1337 677 1428 725 mter-

287 752 384 828 pungi
405 751 548 821 iusserat,
571 769 663 827 quam
685 749 899 806 sententiam
891 768 922 806 ιιι
942 749 1121 808 recensione
1143 748 1213 808 libri
1231 751 1428 809 Muelleriani

291 835 409 913 (opusc.
432 834 488 908 VI,
512 857 542 914 p.
557 832 605 911 60)
625 831 776 893 defendit.
808 833 931 911 Quippe
950 833 1052 892 verbis
1073 824 1328 910 δαιμόνωνσκιᾶν
1345 856 1427 894 acer·

287 921 358 978 bam
374 881 509 1015 aliquain
525 919 730 978 allusionem
721 939 822 977 inesse
835 918 874 977 ad
886 919 1081 978 Homericum
1097 919 1174 978 illud
1189 920 1226 978 ll.
1235 921 1272 993 V,
1285 929 1345 983 342.
1358 911 1426 978 reii-

288 1026 340 1064 νειι
345 993 560 1088 ’ἀναίμονές
563 1001 626 1062 εἰσι.
661 1002 855 1062 Sententiam
881 1005 924 1062 ita
948 1006 1122 1080 germanice
1143 1006 1357 1083 explicavit:,
1361 1007 1427 1078 ,Du

288 1091 372 1149 wirst
388 1090 442 1148 der
457 1090 651 1149 Schatten
624 1109 708 1148 emes
725 1087 833 1147 Gottes
850 1090 931 1160 sein,
954 1088 995 1146 da
1010 1088 1061 1148 die
1077 1089 1186 1149 Gotter
1199 1090 1272 1149 kein
1286 1091 1359 1150 Blut
1374 1091 1427 1149 ha-

287 1175 379 1234 ben.“
408 1174 497 1252 Quae
516 1175 682 1252 explicatio
697 1193 837 1232 veremur
854 1194 893 1232 ne
909 1171 1027 1232 dectior
1047 1174 1191 1234 habenda
1210 1177 1250 1234 sit
1269 1196 1359 1254 quam
1373 1196 1426 1234 ve-

287 1261 357 1318 rior.
394 1259 474 1318 Nam
495 1260 594 1338 qualis
616 1268 677 1332 est,
700 1279 829 1337 quaeso,
850 1260 909 1316 ista
927 1257 1045 1318 Orestis
1061 1281 1128 1319 cum
1142 1261 1187 1318 Di
1175 1263 1203 1319 is
1218 1261 1428 1340 comparatio?

247 1409 249 1416 ,
289 1345 477 1421 Sanguinem
494 1345 612 1405 Orestis
628 1345 772 1404 hauriunt
782 1345 905 1442 Furiae,
920 1352 955 1402 ιιι
969 1344 1093 1404 umbrae
1109 1346 1148 1404 sit
1163 1346 1268 1405 similis
1285 1354 1315 1406 et
1328 1347 1428 1424 pallor

287 1429 391 1488 letalis
406 1451 458 1489 ora
475 1439 618 1508 occupet,
636 1438 668 1488 at
681 1430 713 1488 in
728 1430 816 1488 venis
831 1430 969 1488 Deorum
1146 1439 1152 1448 '

621 1569 623 1574 ·
720 1526 761 1609 ρέ
766 1523 1008 1608 ειᾶμβροτον
1027 1524 1120 1607 αἷμα

453 1608 576 1716 ἰχώρ,ο
559 1607 623 1686 οἷός
637 1611 692 1689 πέρ
706 1635 737 1674 τε
751 1613 811 1714 ῥέει
826 1610 989 1716 μακάρεσσι
1007 1619 1134 1675 θεοῖσιν.

453 1689 490 1760 οὖ
505 1689 562 1778 γὰρ
576 1703 658 1758 σῖτον
674 1688 773 1759 ἔδοοσ’
782 1693 844 1775 ,ori
861 1691 979 1761 πίνοοσ’
996 1699 1114 1761 αἴθοπα
1129 1694 1228 1774 οἶνον,

453 1781 563 1846 τοανε
573 1774 602 1844 κ’
630 1749 790 1862 svatava
802 1785 857 1845 εἰσι
874 1808 925 1846 και
917 1774 1088 1846 ἆθοῖνατοι
1100 1783 1262 1845 καλέονται.

289 1890 461 1951 Umbrasne
482 1887 564 1968 apud
585 1887 774 1969 Aeschylum
797 1889 883 1948 Deos
898 1887 974 1960 dici,
998 1887 1104 1968 quod
1096 1910 1127 1948 m
1144 1890 1232 1946 venis
1248 1910 1351 1947 eorum
1366 1910 1428 1948 non

289 1975 424 2034 mortalis
441 1973 496 2033 sed
514 1974 668 2069 augustior
675 1973 809 2070 quidam
826 1983 857 2033 et
871 1975 1048 2032 immortalis
1064 1974 1188 2050 sanguis
1205 1974 1304 2032 fluat?

356 2059 592 2120 Scrlrcrtfacrcs
606 2078 756 2136 exponen
772 2060 975 2132 estDcorum
992 2058 1047 2117 sed
1059 2060 1232 2117 Furiarum
1250 2080 1317 2118 cum
1333 2069 1429 2119 semet

289 2147 379 2224 ipsis,
394 2165 456 2204 uon
473 2165 541 2202 eum
559 2143 646 2202 almis
668 2145 727 2203 Dis
744 2164 932 2221 exsanguem
954 2143 1094 2205 Orestem
1113 2144 1227 2203 Furiae
1245 2153 1329 2204 reete
1349 2166 1427 2204 com-

288 2240 413 2310 ponent.
444 2229 522 2288 Inde
547 2227 699 2287 emendat
678 2237 720 2287 ιιο
737 2228 906 2307 repetenda
931 2237 962 2288 et
976 2249 1038 2288 una
1055 2230 1091 2288 lit
1079 2237 1145 2289 tera
1160 2237 1255 2288 mutat
1258 2250 1276 2287 a
1244 2229 1427 2289 tscriben-

290 2316 361 2375 dum
374 2315 512 2374 videtur:

449 2387 627 2475 Ἀναίματον
645 2386 773 2475 βόσκημ’
792 2391 1026 2476 ἆναιμόνοιν,
1043 2390 1141 2455 σκιάν.

353 2501 547 2578 „Exsangue
569 2502 770 2578 exsanguium
786 2502 924 2560 Dearum
939 2499 1100 2579 pabulum,
1116 2483 1283 2559 umbram.“
1312 2501 1427 2560 Vocem

289 2581 426 2666 βόσκημα
438 2587 532 2664 vulgo
549 2586 800 2664 interpretantur,
816 2586 898 2666 quod
916 2586 1008 2648 Orest
996 2594 1042 2644 tes
1064 2606 1082 2642 a
1096 2586 1197 2644 Furiis
1219 2593 1340 2664 pastum
1355 2607 1427 2664 aga·

289 2684 347 2734 tur
383 2673 507 2732 Usitata
527 2670 609 2748 apud
635 2679 742 2749 poetas
765 2673 896 2748 tragicos
917 2672 1015 2730 altera
1037 2672 1122 2729 vocis
1143 2671 1341 2748 significatio,
1367 2692 1429 2750 qua

290 2759 435 2838 pabulum
451 2764 547 2815 notat
577 2755 677 2830 Quam
689 2756 747 2814 lroc
760 2755 827 2814 loeo
842 2753 1075 2852 intelligendam
1091 2776 1158 2814 esse
1174 2757 1315 2855 apposita
1334 2756 1428 2814 verba

291 2843 364 2900 satis
380 2840 548 2900 declarant.
580 2837 643 2898 cfr.
655 2827 782 2898 verba'
766 2839 928 2938 αναίματον
943 2833 1081 2939 βόσκημα
1097 2861 1164 2899 cum
1180 2842 1217 2899 iis
1233 2861 1312 2920 quae
1328 2843 1429 2900 statim

292 2933 472 3022 ιθοιιιιΗιιιαι·
486 2943 536 2981 και
527 2920 609 2992 ’ζῶν
623 2943 658 2999 με
672 2921 846 3022 δαίσεις,
854 2914 922 2985 οὐδὲ
938 2916 1013 3002 πρὸς
1027 2923 1123 3020 βωμςιί
1134 2924 1266 3022 σφαγείς,
1284 2935 1314 2984 οι
1330 2948 1359 2986 v
1377 2935 1429 2988 254
1475 2946 1483 2959 ·

292 3031 359 3116 sqq.
385 2996 465 3066 ’Ati'
484 2995 659 3066 ἀντιδοῦναι
681 2999 808 3068 δεῖσ”
791 2998 1093 3107 ασοζῶνιοςροφεῖν
1109 2997 1288 3085 ’Epvdpdv’
1274 3007 1430 3086 εκμελέων

291 3093 434 3174 πέλανον·
459 3082 519 3151 dero
507 3082 568 3153 δέ
580 3105 632 3150 σου
649 3082 796 3153 Βοσκαν
812 3094 958 3172 φεροίμαν
972 3088 1112 3170 πώματος
1126 3089 1286 3168 δνςπόιου,
1303 3117 1429 3177 quorum

292 3201 434 3242 versuum
448 3187 598 3258 postremo
613 3178 723 3237 salsam
742 3181 887 3240 librorum
902 3183 975 3241 lect
953 3191 1064 3241 tionem
1081 3181 1226 3240 intactam
1240 3181 1429 3262 reliquimus.

354 3263 472 3324 Eodem
490 3284 591 3337 sensu,
607 3283 667 3343 quo
685 3264 717 3322 hi
732 3265 810 3340 loci,
826 3267 958 3343 intelligi
978 3264 1069 3324 debet
1084 3287 1113 3324 v.
1128 3275 1198 3328 331·

457 3361 668 3465 Γιγνομέναισι
674 3355 756 3466 λάχη
771 3355 837 3424 reid'
858 3356 905 3440 ἐφ’
871 3355 996 3464 φᾶμὶν
1012 3357 1164 3442 taravan-

459 3441 682 3510 Ἀθανάτωνό’
699 3438 819 3528 ἀπέχειν
838 3447 939 3530 χέρας,
958 3442 1029 3510 οὐδέ
1041 3450 1084 3522 τίς
1100 3446 1160 3510 ἔστι

459 3533 631 3615 Σννδαίιωρ
645 3556 826 3613 μετακοινος.

294 3637 363 3716 Quo
380 3638 447 3696 loco
462 3637 545 3716 quod
564 3639 747 3717 interpretes
765 3657 868 3696 omnes
886 3638 1062 3698 existimant
1076 3639 1186 3698 Furias
1206 3637 1308 3697 dicere
1324 3657 1356 3694 se
1376 3655 1428 3693 ex-

294 3721 376 3781 cludi
392 3742 410 3779 a
427 3724 575 3781 conviviis
590 3723 726 3782 Deorum
740 3731 770 3781 et
785 3723 868 3781 solas
884 3743 1027 3796 coenare,
1044 3723 1156 3781 falsum
1172 3732 1218 3783 est
1234 3731 1264 3781 et
1281 3722 1385 3779 mirum
1397 3721 1429 3778 in

293 3807 413 3866 modum
428 3805 565 3885 languet.
599 3807 703 3867 (leena
717 3807 878 3866 Furiarum
899 3807 1096 3867 scelestorum
1118 3809 1242 3886 sanguis
1259 3814 1314 3878 est,
1338 3824 1429 3882 quem

295 3899 455 3968 cxsugunt.
487 3890 536 3950 Ab
552 3891 599 3951 his
615 3893 715 3952 coenis
731 3892 793 3952 suis
809 3892 954 3966 convivas
971 3893 1079 3970 procul
1097 3913 1163 3952 esse
1182 3891 1295 3949 dicunt.
1330 3887 1429 3965 Quem

294 3975 400 4034 horum
419 3973 579 4034 verborum
598 3997 719 4035 sensum
741 3997 808 4035 esse
824 3997 916 4056 quum
932 3977 1023 4036 collat
1025 3978 1049 4036 is
1066 3986 1135 4036 caet
1123 3978 1195 4036 teris
1212 3973 1249 4034 de
1269 3974 1430 4032 Furiarum

296 4060 444 4117 conviviis
466 4059 542 4116 loeis
565 4058 697 4118 dubitari
717 4082 779 4120 non
799 4063 909 4138 possit,
883 4061 1098 4121 tvidendum
1125 4070 1185 4134 est,
1207 4081 1246 4119 an
1269 4058 1430 4118 verborum

293 4144 431 4222 proxime
454 4143 648 4202 antecedent
626 4153 700 4202 tium
723 4145 815 4204 lectio
843 4145 933 4204 hodie
959 4147 1114 4248 plerisque
1141 4153 1265 4224 suspect
1266 4165 1284 4202 a
1253 4145 1432 4204 trctineri

294 4237 398 4306 queat.
425 4227 547 4285 Eversn
560 4231 766 4287 coniecturam
780 4219 981 4288 αθαναιοιν
959 4250 1009 4289 απ
1011 4219 1141 4306 ’ἔχειν
1159 4225 1270 4309 μέρος
1291 4229 1433 4309 probavit
1521 4226 1523 4230 ’

295 4313 470 4386 Muellerus,
488 4312 596 4371 reiecit
609 4314 826 4374 Hermannus'
818 4335 850 4374 ιιι
865 4315 981 4374 diurnis
994 4315 1298 4375 Zimmermannianis
1315 4336 1342 4373 a.
1356 4323 1431 4385 1835,

294 4419 324 4477 p.
348 4407 400 4461 900
421 4395 539 4475 (opusc.
563 4397 641 4472 VII,
656 4417 687 4476 p.
710 4396 771 4474 20),
793 4399 893 4458 locum
917 4408 1090 4478 suspectum
1108 4400 1226 4460 habens
1251 4409 1281 4459 et
1306 4401 1386 4478 ipse,
1403 4407 1434 4456 et

295 4482 396 4556 addit,
410 4502 446 4541 ea
463 4483 514 4542 via
529 4483 554 4542 si
576 4483 746 4558 insistatur,
762 4484 870 4543 melius
888 4485 963 4562 quid
977 4485 1105 4562 reperiri
1121 4505 1221 4562 posse.
