3254 5304
373 399 617 454 Coniectaneorum
637 398 666 452 in
681 397 810 468 Aeschyli
825 398 970 470 Supplices
985 416 1050 469 pars
1065 399 1160 454 alters.
1278 392 1334 456 121

155 622 158 626 .
266 565 320 626 Vs.
343 575 395 630 392
412 586 479 646 sqq.

411 657 476 726 Οῦιι
492 656 629 742 εὔκριτον
644 653 677 722 τό
694 668 799 762 ιιρῖμοι·
818 683 861 763 μη
875 686 896 740 μ
925 665 1014 738 αἱροῦ
1032 663 1146 766 κριτήν.

408 743 556 809 Εἶπονὲ
525 746 556 809 δὲ
570 771 621 808 και
613 745 722 845 πρίν,
739 739 797 807 οῦκ
815 740 887 807 alveo
905 742 999 826 δήμου
1012 745 1082 810 τόδε

410 824 593 912 ΠραξαιμΗ
579 824 634 910 όν,
650 822 719 892 odd&
730 853 787 931 περ
802 833 937 934 κρατῶν·
951 833 1001 894 καὶ
1016 827 1129 913 μήποτε

333 977 335 982 .
407 918 492 1019 Εἴπη
508 876 648 993 ιεοός,ει’
665 910 738 978 ποῦ
758 938 791 976 τι
811 907 858 995 μὴ
882 923 985 978 τοῖον
1007 914 1114 1004 τῦχῃ,

408 979 571 1081 Ἐπηιυδοις
586 1003 680 1080 τιμῦν
697 993 849 1075 ἀπώλεσας
864 997 960 1064 πόλιν.

200 1107 294 1168 Well.
317 1105 407 1166 dicit:
438 1107 554 1166 Sensus
578 1114 637 1179 est,
659 1107 685 1164 si
704 1105 779 1185 quid
797 1106 852 1164 alit
840 1114 902 1178 t,er
928 1107 947 1166 i.
964 1127 990 1166 e.
1008 1105 1188 1182 infeliciter,
1205 1109 1336 1169 accidat.

201 1192 301 1270 Quem
323 1212 445 1253 sensum
464 1191 626 1250 verborum
643 1211 711 1250 esse
727 1198 864 1269 apertum
883 1198 943 1266 est,
961 1191 1067 1251 sedeo
1089 1212 1182 1252 sensu
1197 1184 1239 1268 μὴ
1254 1198 1337 1252 τοῖον

200 1277 262 1336 diei
272 1297 363 1356 posse
378 1275 569 1356 probandum
585 1284 659 1334 erat.
690 1275 779 1352 Quae
790 1294 884 1334 voces
900 1275 1029 1335 fortasse
1046 1295 1085 1334 ex
1096 1277 1243 1355 languido
1257 1280 1336 1338 alius

199 1361 343 1420 vocabuli
364 1362 635 1437 interpretamento
651 1361 847 1437 irrepserunt.
880 1358 1016 1438 Vulgata
1032 1361 1112 1419 enim
1120 1383 1234 1462 ,qnam
1250 1364 1335 1422 exbi-

198 1446 333 1518 buimus,
362 1464 401 1504 ex
431 1443 577 1504 Turnebo
605 1445 752 1504 manavit.
793 1443 955 1503 Librorum
978 1448 1058 1505 euim
1085 1448 1217 1506 omniurn
1242 1449 1335 1508 lectio

197 1521 322 1606 ι’ἶμετρος
347 1538 408 1590 est:
438 1526 485 1586 Εἴ
503 1519 564 1586 ποῦ
591 1549 618 1586 τι
639 1523 690 1586 καὶ
717 1517 758 1605 μὴ
779 1532 860 1586 τοῖον
882 1529 989 1610 τυχθῇ.
1026 1529 1312 1592 Schneidewinus
1304 1555 1336 1592 ιιι

196 1616 274 1674 libro
282 1635 371 1714 ,quo
391 1613 535 1675 Orionem
560 1613 743 1674 Thebanum
765 1614 907 1693 publici
899 1617 972 1676 ruris
996 1615 1070 1675 fecit
1088 1619 1334 1678 communicavit·

199 1721 260 1783 que
278 1701 478 1761 coniectanea
492 1699 524 1758 in
538 1707 648 1776 poetas
661 1699 798 1760 Graecos
813 1699 917 1775 multa,
934 1700 1126 1760 emendavit.

406 1799 438 1860 εἴ
451 1791 511 1860 ποῦ
531 1821 559 1859 τι
578 1790 619 1878 μή
641 1799 740 1884 λῷον
759 1790 841 1882 τῦχγ.

199 1903 297 1964 Nobis
314 1904 411 1982 magis
425 1902 586 1982 probabile
605 1901 727 1962 videtur
742 1902 937 1964 scribendum
953 1924 1036 1964 esse:

407 2003 439 2063 εἴ
450 1995 550 2063 ποῦτι
575 1993 770 2080 κόμποιλιν
791 1994 881 2081 τῦχοι.

261 2108 315 2168 Vs
333 2116 384 2171 526
400 2127 466 2187 sqq.

409 2215 450 2284 Τό
466 2213 540 2300 πρός
556 2220 710 2320 γυνορικῦν
725 2212 853 2298 ἐπιδών,

406 2307 602 2385 Παλαίφατον
619 2295 760 2408 ἁμέτερον
893 2297 900 2312 ’

406 2392 499 2466 Γένος
516 2393 616 2493 φιλίας
628 2387 776 2491 προγόνου
792 2380 935 2469 γυναικός

297 2497 299 2504 ·
406 2470 575 2541 Νέωσον’
547 2469 662 2574 εόφρον
664 2467 793 2548 'alvom

406 2565 502 2624 Γενοῦ
516 2553 745 2643 πολυμνήστωρ,
767 2551 906 2640 ἐφάπτωρ
923 2549 999 2632 Ἰοῦς
1018 2581 1084 2642 sqq.

196 2667 290 2728 Well.
307 2668 446 2727 locumt
423 2677 446 2727 ιι
448 2689 466 2726 a
478 2667 659 2746 explicate,
663 2665 811 2739 O,ommat
799 2672 830 2723 te
845 2671 915 2744 post
931 2655 1042 2723 ἕπιδυν
1055 2664 1155 2744 posito
1171 2672 1202 2725 et
1212 2663 1333 2724 sublato

199 2753 275 2826 colo,
292 2751 374 2832 quod
387 2753 480 2831 vulgo
497 2760 566 2832 post
580 2744 722 2830 γυναικός
735 2751 868 2830 ponitur,
884 2759 993 2810 sensus
1007 2750 1059 2809 hic
1074 2750 1148 2809 οιίι.
1172 2749 1237 2811 Sed
1249 2748 1333 2829 quod

197 2836 236 2896 sd
250 2838 446 2897 mulieresat
434 2840 541 2908 ιιίιιοι,
513 2837 613 2897 tvel
636 2856 744 2916 preces
764 2853 844 2915 quae
866 2853 885 2892 a
905 2834 1081 2895 mulieribus
1101 2835 1333 2913 proficiscuntur

195 2923 379 2999 respiciens,
401 2943 474 3000 erga
502 2924 659 3002 antiquum
679 2930 814 2981 nostrum
833 2939 929 2998 genus
950 2941 969 2978 a
989 2919 1104 2981 dilecta
1125 2921 1332 2999 progenitrice

195 3008 323 3067 muliere
344 3007 516 3081 oriundum,
537 3026 653 3066 renova
672 3005 797 3065 laudem
816 3004 1009 3064 benevolam
1017 3007 1036 3038 “
1067 3006 1140 3064 Dici
1160 3027 1221 3065 non
1241 3024 1332 3086 posse

195 3089 278 3171 γένος
295 3089 406 3150 νέωσον
421 3084 524 3165 αἶνον,
540 3111 655 3152 renova
668 3089 792 3150 laudem
807 3108 880 3167 erga
896 3098 1032 3167 gentem,
1047 3091 1079 3149 in
1094 3101 1223 3169 promtu.
1252 3092 1331 3152 Her·

195 3197 323 3237 mannus
343 3176 439 3236 doctr.
454 3183 540 3235 metr.
558 3197 588 3255 p
604 3185 656 3238 232
670 3195 725 3253 pos
727 3181 855 3234 tremum
870 3194 992 3234 versum

405 3275 502 3336 Γενοῦ
519 3275 744 3352 ποιυμνῆστορ,
761 3265 893 3353 ἐφόπτορ
911 3266 987 3346 Ἰοῦς

196 3381 331 3457 scripsit,
353 3399 414 3459 qua
436 3378 554 3436 ratione
576 3386 718 3451 metrum,
739 3397 801 3434 non
822 3396 928 3436 sensus
950 3377 1133 3452 restituit-um
1155 3378 1229 3455 quid
1251 3379 1331 3438 enim

195 3462 285 3543 γενοῦ
301 3463 358 3523 sibi
373 3463 459 3535 velit,
477 3470 529 3519 aut
544 3461 694 3541 quomodo
712 3460 899 3539 iungendum
914 3462 954 3520 sit
969 3481 1036 3520 cum
1048 3462 1185 3534 caeteris,
1203 3461 1330 3522 difficile

196 3559 243 3610 est
266 3547 306 3607 od
334 3545 578 3624 intelligendum.
614 3547 733 3604 'Pemen
762 3547 881 3623 recepit
905 3565 973 3604 eam
992 3546 1156 3605 lectionem
1177 3547 1272 3605 Well.
1298 3547 1330 3605 in

194 3636 287 3713 gloss.
324 3635 426 3694 Locus
442 3633 485 3690 ita
501 3630 679 3691 scribendus
696 3629 833 3702 videtur,
849 3639 883 3689 ut
896 3631 993 3707 prima
1011 3629 1217 3706 antistrophae
1235 3630 1331 3689 verba

196 3739 263 3780 cum
276 3720 436 3799 postremis
450 3716 591 3794 strophae
605 3715 707 3775 verbis
722 3734 806 3774 nexu
821 3715 999 3792 iungantur

402 3833 507 3934 μνοι
529 3823 557 3890 d
576 3829 695 3934 ἔμβαλε
701 3830 915 3912 πορφυροειδεῖ

403 3911 466 3980 Τόν
480 3899 688 3997 μελανόζυγ’
674 3908 766 3992 όταν,

317 4009 430 4082 ’.Ἀντ
411 4045 439 4082 οι.

401 4114 530 4199 Πρόσω
550 4120 757 4221 γυναικῶν.
783 4109 914 4179 'Euodus

403 4195 626 4283 Παιαίφατον
612 4203 753 4305 νμέτερον

403 4286 493 4359 Γένος
507 4291 608 4365 φιλίας
624 4283 774 4392 προγόνου
787 4279 945 4368 γυναικός,

405 4366 577 4430 Νέωσον”
542 4394 656 4452 ευφρον
660 4365 785 4434 ὀἶνον

403 4450 554 4529 Γένους,
570 4458 853 4536 πολυμνῆστορ,
869 4447 1038 4532 ἕφόπτορ
1055 4443 1130 4523 Ἰοῦς
1144 4473 1210 4533 sqq
