3246 5328
406 408 437 458 ln
454 407 529 459 locos
544 406 650 476 aliquot
664 405 792 474 Aeschyli
805 407 1038 478 Choephorarum.

404 565 543 672 equasti]
559 561 692 672 6sqottov
710 559 736 628 6’
760 569 830 642 ἔπος
835 569 939 668 λέγων

402 653 498 715 νύκτα
508 651 573 755 πρό
587 645 615 714 τ’
635 645 774 758 ὀμμάτων
788 647 895 715 σκότον
909 655 1008 737 φέρει,

404 733 477 800 καθ’
498 731 656 819 ἡμέρανδ’
673 732 761 800 οὐδὲν
776 737 995 822 ἐμφανέστερος.

149 843 210 900 Ριο
232 833 452 916 ἐπιφορώιαιος
474 844 636 921 Emperius
659 863 745 902 meus
764 844 873 930 procul
896 842 987 901 dubio
1007 852 1090 902 rtece
1060 846 1290 905 ternendavit

152 923 215 984 ἕπει
229 945 407 1002 φοροιιαιος
441 973 457 1002 ,,
468 926 569 1004 Quum
584 936 783 1006 prosperoe
771 927 933 986 violento
946 929 1020 986 flatu
1034 929 1162 1002 feratur
1180 949 1230 989 res
1241 952 1288 990 se
1377 931 1378 934 ’

154 1010 268 1070 enudas
291 1011 473 1072 concedens
476 1014 493 1042 “
524 1013 562 1070 In
583 1033 613 1070 v.
635 1013 864 1108 antistrophico
875 1021 945 1071 sunt
933 1011 1061 1071 tverba
1084 975 1289 1091 Hlo6royu66

152 1083 247 1191 μυχὸν
262 1095 401 1171 κομίζετε.
436 1097 605 1176 Sequentia
618 1096 713 1155 verba
729 1085 822 1154 πολλα
836 1084 864 1153 6
883 1086 957 1155 ἄλλα
971 1117 1060 1171 ouva
1053 1096 1206 1173 χρηΐζων
1217 1120 1289 1176 ιιρν-

153 1201 211 1237 πια
205 1172 332 1239 unde
324 1183 515 1259 urrepserint,
532 1203 592 1240 non
606 1180 697 1240 video
706 1183 832 1259 ,spuria
849 1200 915 1240 esse
929 1191 1057 1240 metrum
1073 1189 1103 1239 et
1119 1195 1225 1242 sensus
1237 1184 1288 1243 do

155 1274 233 1324 cent.
267 1265 430 1342 Quibus'
403 1275 483 1325 erect
485 1268 509 1326 is
528 1275 599 1325 ante
614 1256 747 1323 ἄσκοπον
762 1275 824 1325 tres
834 1265 943 1324 breves
955 1265 1096 1343 syllabae
1113 1265 1288 1327 desideran-

153 1360 211 1409 tur.
238 1350 304 1408 Iam
319 1371 392 1410 vero
410 1353 436 1410 si
458 1351 497 1410 ad
519 1370 640 1410 sensum
659 1352 713 1429 qui
729 1351 888 1429 postremis
906 1373 919 1410 s
922 1349 1075 1429 t'rophae
1067 1352 1139 1410 insit
1127 1353 1287 1412 tattendi·

153 1457 232 1511 mus,
255 1446 492 1496 consentaneum
514 1444 560 1494 est
579 1455 747 1496 sermonem
770 1455 838 1495 esse
859 1435 897 1494 de
915 1435 983 1495 dolo
998 1456 1058 1514 quo
1080 1435 1203 1497 Orestes
1217 1459 1287 1498 usu-

153 1543 204 1580 rus
222 1522 271 1580 sit.
308 1522 354 1579 Eo
378 1523 459 1580 enim
480 1520 585 1580 ordine
603 1539 711 1599 preces
733 1521 817 1580 chori
835 1519 1022 1597 procedunt,
1045 1531 1080 1580 ut
1100 1523 1197 1600 primo
1221 1523 1288 1582 loco

153 1606 260 1665 Iovem
274 1606 421 1684 appellet,
434 1607 508 1684 quia
523 1625 668 1664 summam
678 1625 777 1663 rerum
793 1613 899 1664 teneat
912 1603 1006 1682 (Iovis
1017 1607 1175 1687 imperium
1188 1617 1289 1668 autem

154 1692 185 1748 in
202 1711 237 1749 eo
253 1691 392 1765 cernitur,
409 1690 491 1769 quod
504 1689 649 1750 moralem
661 1710 760 1748 rorum
772 1689 907 1750 ordinem
919 1690 1001 1750 iuste
1016 1689 1140 1768 tuetur),
1152 1692 1287 1752 secundo

153 1777 236 1835 Deos
257 1775 392 1834 Penates
414 1777 529 1854 quippe
550 1776 610 1834 loci
633 1795 693 1853 quo
724 1795 773 1834 res
795 1774 932 1852 gerenda
946 1776 985 1835 sit
1002 1777 1175 1855 praesides,
1198 1779 1288 1838 tertio

154 1860 346 1937 Apollinem,
366 1861 419 1939 qui
435 1861 557 1918 oraculo
572 1859 644 1918 dato
659 1859 819 1920 Orestem
811 1861 1012 1938 instigaverit,
1029 1871 1136 1941 quarto
1155 1862 1287 1942 denique

154 1945 351 2019 Mercurium,
372 1965 444 2003 num
467 1945 504 2003 ob
525 1946 617 2003 aliam
639 1963 777 2004 caussam
798 1944 859 2003 nisi
880 1955 915 2004 ut
939 1944 1008 2003 dolo
1025 1946 1142 2005 Orestis
1159 1947 1287 2006 faveat?

157 2028 205 2088 Ob
224 1992 353 2087 eandeni
369 2048 509 2086 caussam
524 2048 615 2126 supra
630 2050 660 2088 v.
680 2036 731 2090 715
747 2029 971 2104 coniunguntur·
984 2017 1200 2087 heracleotae
1215 2021 1288 2105 χθό-

154 2101 276 2168 νιόνθ
295 2101 413 2188 Ἑρμῆν
437 2103 639 2189 Ἐποςιςίιιιι
653 2112 794 2188 intellige
812 2110 850 2170 de
866 2113 1001 2171 oratione
1009 2133 1098 2192 ,qua
1114 2111 1238 2172 Orestes
1254 2133 1288 2172 se

154 2197 305 2295 hospitem
324 2197 517 2256 Phocensem
537 2196 731 2256 simulaturus
753 2204 813 2269 est,
837 2197 891 2274 qui
915 2196 1001 2256 dolus
1019 2198 1127 2257 chorus
1149 2206 1233 2275 optat
1247 2218 1286 2256 ne

155 2282 358 2360 perspiciatur
381 2271 554 2360 (ἄσκοπον)
586 2278 675 2358 Quae
696 2281 790 2338 oratio
806 2301 897 2360 quum
917 2283 1038 2362 proprie
1055 2281 1154 2342 Orest
1133 2292 1170 2342 ns
1186 2283 1288 2354 futrua

156 2368 209 2439 sit,
235 2367 264 2426 h.
287 2367 308 2424 l.
337 2365 377 2424 ad
400 2367 584 2425 Mercurium
605 2367 750 2425 transfert
738 2373 800 2434 tur,
822 2367 895 2444 quia
918 2367 1002 2426 hic
994 2368 1100 2464 1psius
1108 2367 1183 2426 Doli
1199 2369 1288 2448 quasi

154 2472 316 2532 personam
333 2452 419 2529 gerit.
399 2451 585 2510 tHaec
561 2472 587 2510 ιι
602 2458 686 2510 rece
709 2449 863 2548 disputata
881 2461 965 2525 sunt,
988 2461 1059 2511 autc
1079 2441 1211 2511 ἄσκοπον
1226 2473 1298 2513 vox·

157 2536 311 2596 desiderat
299 2545 361 2611 t,ur
385 2556 446 2615 qua
467 2536 562 2595 verba
582 2535 743 2615 sequentia
757 2535 944 2613 praecedent
932 2536 1013 2596 tibus
1034 2546 1105 2614 apte
1122 2547 1233 2596 anneot
1235 2559 1287 2596 an-

154 2629 217 2695 tur,
239 2632 270 2682 et
295 2623 415 2681 omnino
437 2622 499 2679 loci
514 2641 620 2680 sensus
642 2621 685 2678 ita
653 2618 876 2694 tadiuvetur,
899 2629 933 2679 ut
921 2620 1107 2681 taudientes
1122 2621 1197 2700 quid
1219 2623 1288 2680 oho-

153 2728 205 2766 rus
224 2707 423 2808 sequentibus
445 2707 597 2783 significet
612 2703 705 2763 facilc
720 2705 893 2782 intelligere
907 2707 1069 2783 potuerint.
1102 2705 1193 2766 Unde
1208 2708 1288 2765 Mer·
1369 2747 1372 2754 ⁴

157 2795 232 2852 curir
224 2785 381 2853 solemne
393 2791 432 2849 de
448 2791 516 2850 dolo
533 2791 689 2869 epitheton
707 2787 860 2849 excidisse
874 2791 1059 2866 coniioimuS,
1075 2811 1134 2871 quo
1150 2792 1289 2870 apposito

156 2879 256 2936 omnia
276 2886 328 2956 ap
330 2898 346 2936 e
369 2875 549 2954 procedunt
582 2875 680 2934 Totus
701 2874 785 2933 locus
807 2874 913 2954 paucis
933 2877 1054 2936 mutatis
1074 2876 1155 2936 hunc
1177 2877 1265 2935 fere'
1256 2897 1288 2934 m

155 2962 276 3021 modum
292 2959 471 3022 scribendus
490 2981 556 3020 esse
570 2959 706 3019 videtur:

446 3050 636 3159 Eoll6docd'
657 3055 723 3117 ἕίνδ
721 3078 780 3130 κως

448 3147 518 3214 παῖς
532 3164 547 3201 ο
536 3135 682 3240 Μαίας,
699 3139 762 3202 ἐπεὶ
776 3134 946 3223 φορώιαιος

451 3229 559 3325 πρᾶξιν
574 3216 679 3332 οὐρίαν
695 3223 808 3300 θέλων,

454 3310 471 3368 6
477 3304 625 3409 αλιος,
610 3304 744 3370 ασκοπον
760 3302 787 3368 6
803 3309 873 3382 ἔπος
891 3308 983 3410 λέμων

344 3403 353 3422 ·
449 3385 1124 3496 ννιιιὸςπρούμμοὶνοινσιιόιονφὲροι,
1295 3461 1298 3466 ,

451 3471 526 3539 καθ’
549 3479 631 3560 (fort
651 3470 738 3560 μεθ’)
753 3469 868 3556 ἡμέραν
882 3469 970 3539 οὐδὲν
985 3473 1246 3556 ἐμφανέστερος

158 3582 292 3660 Quorum
307 3589 375 3660 post
376 3601 491 3640 remum
506 3603 535 3643 v
551 3581 686 3642 nondum
699 3588 894 3659 personatum
909 3579 1125 3644 existimamus.

222 3684 355 3762 Stropha
377 3701 508 3761 sequens
516 3685 574 3742 ita
596 3691 715 3764 corrupt
717 3703 735 3740 a
754 3690 814 3754 est,
835 3690 868 3741 ut
886 3681 1074 3740 coniecturas
1091 3678 1228 3736 omittere
1242 3659 1290 3736 sa-

157 3770 218 3827 tius
234 3768 374 3827 habeam
407 3768 478 3826 Hoc
492 3776 611 3827 tantum
627 3767 757 3828 monebo
773 3787 802 3825 v.
817 3775 870 3829 810
882 3758 966 3822 πολει
980 3783 1058 3836 non
1080 3771 1115 3822 ut
1129 3761 1288 3834 adhuoli

160 3874 227 3911 cum
242 3844 448 3930 μεθήσομεν,
443 3851 498 3912 sed
515 3874 582 3912 cum
599 3842 663 3911 ταδ’
685 3834 920 3928 seiungendum
937 3868 1013 3908 esse.
1046 3808 1291 3907 Oonsentaneunl

160 3937 240 3995 enirn
257 3947 302 3997 est
323 3959 445 3998 sensum
463 3957 531 3998 eum
551 3958 633 4012 esse,
657 3946 691 3996 ut
712 3937 819 3995 chorus
834 3936 876 3992 ita
894 3933 962 3992 urbi
976 3932 1057 3992 bene
1074 3952 1139 3991 esse
1159 3941 1190 3990 et
1204 3952 1291 3990 suurn

160 4021 345 4080 commodum
368 4024 475 4099 augeri
496 4032 526 4084 et
549 3983 691 4082 dam6um
712 4021 818 4079 abesse
841 4017 879 4076 ab
904 4019 1008 4077 amicis
1028 4018 1089 4076 suis
1109 4016 1202 4077 dicat.
1233 4017 1290 4076 Se-

159 4124 256 4182 quens
271 4108 386 4167 antistr.
406 4100 435 4183 β
449 4108 554 4167 hunc
546 4129 578 4167 m
594 4107 714 4167 modum
728 4102 889 4163 scribenda
902 4102 1038 4162 videtur:

455 4197 510 4266 26·
516 4204 548 4268 δὲ
562 4206 688 4287 θαρσῶν
702 4197 773 4263 ὅταν
787 4195 849 4285 ἥκῃ

451 4289 537 4367 μέρος
549 4289 652 4390 ἔργον,
667 4281 805 4361 ἐπαΰσας
810 4276 948 4369 πατρὸς
963 4277 1083 4348 αὐδὰν

453 4370 623 4477 θροούσα
643 4371 779 4433 τέκνον

451 4453 597 4534 πέραιν’
617 4449 741 4515 οὐκπ
706 4452 741 4514 ἕπ
742 4447 905 4532 ίμομφον”
888 4477 970 4515 αιαν

1062 4553 1081 4610 5
