3230 5308
332 409 351 468 4
689 411 731 462 Dc
753 408 919 462 carminibus
942 407 1104 476 Aeschyleir

332 577 415 634 ciora
436 596 503 636 esse
527 576 584 649 ait,
605 595 697 656 quam
722 595 801 654 quae
824 594 843 632 a
862 569 1033 651 singulis').
1066 569 1261 652 Quamquam
1282 571 1468 654 dithyrambi

330 661 385 720 illo
400 670 536 742 tempore
550 657 701 738 μιμητικοὶ
720 661 794 718 facti
809 657 925 735 sunt²),
948 659 1155 716 dochmiorum
1177 666 1298 716 cantum
1314 658 1354 717 ad
1374 657 1468 736 longe

333 746 419 804 aliud
436 746 567 806 canendi
582 766 693 824 genus,
710 745 790 824 quod
806 765 862 802 nos
878 743 1001 822 quidem
1015 743 1210 802 recitativum
1225 763 1379 814 vocamus,
1396 764 1467 824 pro·

334 833 414 890 xime
432 833 599 891 accessisse
613 830 773 908 probabile
789 825 885 906 est⁸).
912 831 1014 886 Docet
1024 827 1082 886 hoc
1096 829 1226 906 primurn
1242 828 1296 886 illa
1313 829 1467 888 inconcin-

331 917 411 976 nitas
428 926 460 974 et
473 915 611 975 brevium
622 914 809 995 syllabarum
823 911 1004 983 multitudo,
1020 919 1083 970 tum
1098 911 1179 990 quod
1193 913 1348 991 propriam
1363 912 1468 972 sedem

332 999 464 1058 dochmii
483 1001 567 1060 iniis
585 999 768 1059 carminibus
784 999 1021 1072 constituerunt,
1043 1017 1123 1075 quae
1146 1017 1215 1054 curn
1233 998 1354 1056 actione
1369 999 1468 1075 magis

330 1086 435 1144 iuncta
451 1095 536 1161 sunt,
560 1095 653 1164 atque
669 1084 817 1165 colloquii
833 1092 937 1161 partes
957 1101 1049 1160 saepe
1066 1081 1232 1154 sustinent,
1249 1082 1280 1140 in
1297 1083 1419 1142 commis
1437 1091 1469 1140 et

334 1171 518 1230 carminibus
539 1157 599 1228 οάιὸ
622 1169 743 1244 σκηνῆς.
778 1169 997 1228 Dochmiorum
1018 1175 1109 1225 cantu
1131 1165 1259 1246 reliquis
1283 1166 1468 1226 carminibus

330 1253 476 1313 liberiore
498 1256 586 1334 quasi
609 1255 772 1312 clamorem
793 1253 923 1332 exprimi
945 1253 1010 1329 ipse
1031 1250 1206 1330 Aeschylus
1222 1259 1399 1311 auctorest.
1429 1252 1469 1310 In

303 1329 308 1344 ¹
331 1338 565 1415 Agamemnone
587 1340 668 1398 enirn
693 1358 786 1416 quum
806 1357 825 1395 a
848 1335 1021 1395 Cassandra
1043 1337 1079 1394 iis
1100 1336 1234 1394 numeris
1258 1345 1410 1412 cantetur,
1433 1345 1468 1395 ut

332 1422 421 1482 binos
437 1424 593 1484 dochmios
609 1423 676 1483 bini
692 1423 822 1482 trimetri
840 1422 1012 1498 excipiant,
1029 1421 1138 1480 chorus
1152 1420 1211 1479 hoc
1226 1421 1367 1480 miratus:
1384 1409 1420 1480 cd
1436 1411 1466 1477 d'

334 1503 464 1585 ἐπίφοβα
479 1501 621 1590 δυσφάτῳ
635 1507 750 1590 κλαγγᾷ
761 1509 934 1582 μελοτυπεῖς
948 1495 1023 1580 ὁμοῦ
1037 1492 1064 1562 ι’
1083 1491 1201 1582 ὀρθίοις
1218 1500 1250 1561 ἐν
1267 1498 1378 1581 νόμοις.
1401 1507 1467 1586 Ap-

334 1601 423 1672 paret
443 1595 662 1667 trimetrorum,
687 1593 740 1672 qui
760 1591 998 1671 praecederent,
1023 1598 1145 1649 cantum
1162 1589 1201 1648 ad
1222 1578 1272 1648 τὸν
1287 1589 1341 1664 τῆς
1359 1583 1468 1670 ὀρθίου

333 1676 478 1758 μελῳδίας
498 1670 639 1756 τρόπον)
662 1679 863 1756 pertinuisse,
886 1696 977 1755 qnam
999 1675 1249 1754 compositionem
1270 1684 1378 1736 cantus
1399 1677 1469 1756 quis

334 1783 395 1822 non
411 1759 475 1822 iure
489 1763 611 1822 chorum
621 1764 761 1821 miratum
774 1782 840 1821 esse
856 1761 1045 1832 confiteatur,
1061 1760 1087 1818 si
1100 1759 1323 1839 praecederent
1335 1760 1470 1818 dochmii

334 1846 477 1922 mobiles,
497 1848 710 1922 vehementes,
734 1847 894 1920 concitati,
918 1853 1120 1926 sequerentur
1134 1844 1224 1902 orthii
1240 1845 1278 1903 ob
1296 1865 1388 1904 sonos
1402 1845 1468 1904 len-

334 1931 466 1992 tissimos
488 1933 616 1991 mirifice
634 1951 746 2010 graves
770 1941 801 1990 et
816 1930 972 2007 dignitatis
988 1929 1116 2008 pleni⁵).
1149 1929 1247 2006 lgitur
1261 1929 1470 1990 doohnriorum

336 2026 456 2076 cantum
482 2008 634 2091 δύσφατον
655 2005 787 2094 κλαγγὰν
808 2015 959 2093 appellat,
981 2023 1016 2073 ut
1039 2015 1071 2072 in
1093 2016 1178 2092 Sept.
1201 2035 1227 2074 c.
1249 2014 1309 2074 Tlr.
1332 2015 1468 2092 virgines

334 2101 504 2162 Thebanae
521 2103 664 2176 carmine,
682 2101 765 2180 quod
778 2120 874 2180 prope
889 2109 985 2158 toturn
998 2098 1146 2158 dochmiis
1162 2098 1305 2175 decurrit,
1321 2097 1360 2157 ab
1375 2099 1468 2160 Eteo-

337 2185 384 2244 cle
402 2177 503 2260 αὔειν,
520 2177 658 2255 λακάζειν
674 2183 826 2246 dicuntur.

398 2270 461 2330 Sed
483 2280 518 2330 ut
540 2271 581 2330 ad
600 2271 716 2330 indicia
736 2281 905 2339 transeam,
931 2287 1010 2347 quae
1032 2287 1071 2328 ex
1098 2277 1275 2347 argumento
1302 2269 1469 2328 carminum

335 2352 581 2414 dochmiacorum
607 2364 765 2432 petuntur,
792 2355 912 2412 dicetur
936 2354 1064 2431 primum
1093 2353 1132 2412 de
1156 2356 1296 2429 commis,
1325 2353 1365 2412 ad
1391 2374 1469 2433 quos

292 2469 296 2482 ι
336 2440 437 2496 omnia
454 2439 566 2498 melica
585 2441 692 2512 retuli,
714 2459 793 2518 quae
814 2439 938 2496 chorum
958 2447 988 2496 et
1012 2447 1146 2496 actorem
1165 2439 1282 2498 alterno
1305 2447 1397 2498 cantu
1413 2439 1469 2496 ha-

335 2520 450 2602 bent⁸).
482 2524 520 2582 In
540 2523 588 2582 his
609 2533 641 2583 et
663 2523 847 2594 carminibus
868 2510 928 2579 ἀπὸ
944 2521 1058 2596 σκηνῆς
1082 2521 1238 2582 dochmios
1259 2525 1302 2584 ita
1318 2523 1469 2582 dominari

337 2617 469 2684 constat,
493 2610 580 2668 utin
603 2609 735 2668 caeteris
759 2606 942 2667 carminibus
962 2627 1055 2686 quum
1080 2608 1140 2666 sint
1155 2609 1346 2687 frequentes,
1363 2617 1467 2668 tamen

249 2759 255 2771 .
333 2712 458 2769 perraro
486 2695 630 2753 continua
658 2715 759 2753 eorum
781 2686 951 2773 systemata¹
973 2691 1207 2770 reperiantur⁷).
1243 2693 1307 2754 Sed
1327 2714 1468 2768 commus,

335 2779 388 2856 qui
410 2778 556 2856 colloquii
577 2796 670 2854 saepe
694 2786 797 2858 partes
820 2776 947 2848 habent,
971 2778 1023 2836 vel
1038 2787 1199 2855 propterea
1219 2799 1238 2836 a
1251 2780 1380 2857 singulis
1396 2778 1467 2837 cho-

334 2863 430 2922 reutis
452 2871 590 2920 cantatos
613 2883 680 2921 esse
700 2861 858 2940 probabile
883 2869 943 2936 est,
967 2861 1049 2940 quod
1066 2861 1210 2922 abhorret
1229 2884 1248 2922 a
1264 2864 1468 2943 simplicitatis

337 2944 448 3016 studio,
465 2966 525 3025 quo
541 2954 702 3024 tantopere
719 2946 932 3006 excelluerunt
947 2946 1069 3019 Graeci,
1086 2948 1222 3007 universi
1239 2949 1324 3007 chori
1338 2968 1467 3008 concen-

335 3039 384 3089 tus
399 3032 452 3089 uni
467 3031 565 3090 actori
580 3032 732 3110 colloquio
748 3031 934 3109 obstrepere.
960 3031 1081 3090 Indicia
1097 3041 1213 3107 autern,
1231 3053 1310 3112 quae
1325 3053 1364 3092 ex
1376 3053 1467 3110 argu.-

335 3123 437 3174 mento
457 3124 487 3174 et
500 3135 582 3174 nxeu
597 3125 793 3195 repetuntur,
812 3123 846 3174 ut
860 3125 963 3193 partes
982 3116 1065 3174 chori
1081 3117 1228 3176 cecinisse
1247 3117 1466 3198 comprobetur,

336 3201 368 3258 in
389 3201 512 3260 commis
536 3201 651 3260 rariora
673 3211 755 3276 sunt,
778 3221 870 3281 quam
895 3201 926 3258 in
945 3201 1075 3259 caeteris
1093 3202 1289 3275 carminibus,
1306 3204 1379 3282 quia
1395 3202 1466 3260 eho-

336 3286 430 3343 reutis
451 3305 513 3344 non
533 3304 636 3344 secum
656 3286 789 3345 invicem
810 3284 865 3344 sed
885 3305 953 3344 cum
974 3294 1079 3344 actore
1101 3295 1221 3346 cantum
1242 3285 1466 3346 alternantibus

337 3367 409 3427 inde
421 3389 521 3449 neque
533 3389 632 3428 nexus
644 3369 791 3444 turbatur,
809 3379 839 3429 et
854 3370 968 3448 singuli
984 3389 1022 3428 ea
1035 3369 1210 3450 loquuntur,
1223 3391 1303 3451 quae
1318 3371 1357 3430 ad
1367 3381 1465 3430 totum

337 3454 460 3514 chorum
484 3456 680 3515 conveniunt.
713 3456 832 3514 Tamen
860 3455 891 3512 in
916 3455 1020 3513 Persis
1043 3475 1073 3513 v.
1097 3464 1148 3518 256
1173 3457 1251 3514 haec
1277 3465 1361 3532 sunt,
1384 3477 1466 3536 quae

339 3540 605 3621 compellationem
618 3542 707 3600 unius
723 3541 887 3599 choreutae
904 3538 944 3596 ad
962 3547 1099 3610 caeteros
1114 3542 1285 3600 continent:

504 3640 683 3717 Διαίνεσθε,
700 3637 829 3718 Πέρσαι,
846 3627 907 3698 τόδ’
925 3627 996 3716 ὄχος
1012 3631 1160 3712 κλύοντες.

335 3741 446 3821 Neque
460 3744 541 3802 enirn
550 3743 714 3802 Persarum
726 3743 873 3822 populum
888 3741 1054 3816 absentem,
1069 3742 1151 3822 quod
1165 3745 1288 3804 minime
1301 3752 1404 3822 aptum
1420 3743 1466 3803 fo-

407 3922 434 3987 1)
451 3926 485 3974 V.
503 3925 616 3977 Aristot.
640 3928 659 3976 l.
681 3929 699 3978 l.
753 3928 781 3993 2)
800 3929 914 3980 Aristot.
932 3928 950 3977 l.
969 3929 988 3978 l.
1059 3926 1086 3992 3)
1107 3929 1149 3979 (ii.
1163 3930 1255 3981 Herm.
1273 3930 1357 3980 Elem.
1377 3929 1465 3980 doctr.

338 3994 414 4040 metr.
433 3992 453 4040 l.
472 3993 509 4042 11.
529 4009 552 4041 c.
572 3997 666 4058 XXII,
684 3999 731 4060 qui
748 4003 858 4048 cantum
876 3999 1051 4050 recitativnm
1064 3998 1098 4046 ab
1117 4000 1238 4065 antiquis
1250 3999 1467 4064 paracatalogen

338 4059 473 4124 appellari
488 4061 577 4112 docet.
630 4063 658 4128 4)
675 4065 747 4114 Plut.
760 4067 825 4116 dial.
839 4083 865 4132 p.
880 4063 945 4130 περὶ
959 4079 1041 4131 poco.
1059 4067 1133 4119 1140.
1160 4069 1272 4119 Aristid.
1285 4069 1378 4132 Quint.
1393 4085 1419 4134 p.
1431 4069 1465 4120 37

337 4143 377 4192 sq.
415 4128 1465 4204 caneocantuBmetteMemoiresde1¹Aeademiedes1nscr.x.p.
1559 4183 1563 4194 .

337 4198 397 4248 232.
417 4198 468 4247 285
487 4214 547 4263 sqq.
565 4200 629 4278 ,3⁰4⁸
649 4203 707 4254 XV.
730 4221 756 4269 p.
777 4205 836 4257 310.
872 4207 964 4257 Herm.
984 4206 1026 4255 El.
1045 4211 1122 4256 metr.
1138 4225 1164 4272 p.
1178 4207 1229 4259 663
1245 4223 1285 4272 sq.
1299 4210 1350 4272 Ap.
1365 4207 1464 4258 Aesch.

336 4266 435 4331 legitur
448 4258 732 4336 inoperatrrvngam.
745 4273 786 4324 28.
805 4274 879 4325 1118.
896 4277 971 4326 Pers.
991 4275 1158 4340 983.1044.,
1178 4277 1278 4341 ubique
1297 4277 1330 4327 de
1348 4277 1467 4327 clamore

335 4335 410 4387 lento
429 4339 457 4386 et
475 4342 564 4387 acuto.
635 4339 662 4404 5)
681 4341 1004 4409 n1·istid.Quint.p.98.
1074 4343 1102 4408 6)
1122 4345 1286 4412 Angustiore
1307 4363 1389 4396 sensu
1402 4351 1467 4397 suunt

335 4421 380 4470 ap.
407 4406 521 4457 Aristot.
546 4411 619 4471 poet.
650 4425 673 4459 c.
699 4410 739 4461 12.
817 4413 846 4477 7)
869 4415 959 4464 Unum
981 4416 1169 4466 tantummodo
1197 4416 1348 4480 exemplum
1373 4420 1467 4466 exstat

336 4475 457 4541 Choeph.
476 4493 502 4528 v.
521 4477 572 4528 927
587 4493 657 4543 sqq,
675 4479 777 4545 dequo
795 4483 914 4533 carmine
932 4483 967 4533 cf.
989 4499 1059 4548 quac
1075 4483 1148 4533 inira
1165 4485 1298 4536 dicentur.
