3246 5328
521 347 564 402 De
583 345 714 418 Aeschyli
731 345 940 418 Agamemnone.

182 516 248 575 ·V.
256 524 316 580 541.
336 505 486 612 Μόχθους
499 535 568 612 γαρ
573 509 601 572 εί
613 511 725 594 λέγοιμι
741 535 791 572 και
782 511 984 589 δυσαυλίας,

334 590 477 677 Σπαρνας
487 591 626 675 παρχξεις
637 621 688 657 και
700 593 994 674 κακοστρώτους,-
1010 623 1037 659 τι
1032 591 1082 658 ”δ
1099 592 1135 662 οὖ

334 676 559 757 &terrorest
525 703 561 742 ου
579 675 744 762 λαχόντες,
742 675 857 760 ἤματος
871 680 974 760 μέρος;

167 771 283 828 Horum
295 779 451 870 postrema
467 778 587 847 corrupt
589 789 606 826 ι
620 789 686 828 esse
699 769 842 842 arbitror,
864 768 919 827 sed
934 778 1062 847 apparet
1083 790 1121 828 ea
1134 791 1195 828 non
1210 791 1300 848 posse

168 857 211 913 ita
226 857 352 932 corrigi,
369 855 443 934 quin
459 854 601 932 apodosis
617 855 727 912 omissa
741 856 790 914 sit.
827 853 907 910 Eam
923 854 1106 930 cogitatione
1123 854 1216 912 facile
1232 876 1300 933 sup-

167 939 284 1017 plebis:
312 941 346 1000 si
367 939 520 998 labores'
512 960 543 996 ιιι
563 939 761 1015 navigatione
784 937 923 998 exantlat
911 945 957 996 tos
983 937 1157 996 describere
1177 940 1300 1013 vellem,

66 1032 68 1035 ’
95 1055 97 1064 x
168 1057 211 1065 —-
229 1025 321 1081 finem
332 1025 475 1082 oratronrs
487 1024 604 1082 nullum
618 1024 751 1082 facerem
768 1022 835 1102 (aut
850 1023 975 1100 supple:
998 1023 1090 1101 plane
1103 1023 1212 1085 mutrlc
1227 1043 1302 1082 onus

170 1109 369 1185 susciperem,
391 1116 424 1166 ιιι
444 1129 474 1168 v.
492 1097 747 1183 staretstart
765 1103 881 1184 ειλεγοι
901 1105 1043 1188 τιςιριχ.)
1090 1106 1279 1166 Caeterum
1270 1129 1302 1166 ιιι

168 1193 216 1251 his
233 1192 335 1252 verbis
352 1193 444 1252 etiam
463 1193 525 1251 alia
540 1193 709 1271 negligent
698 1213 731 1251 ιι
746 1195 826 1252 inest
833 1193 939 1272 ,quod
955 1214 1046 1273 quum
1062 1193 1144 1252 mala
1151 1213 1255 1272 ,qnae
1270 1194 1302 1250 in

168 1279 367 1377 navigatione
382 1279 521 1356 perpessi
536 1279 610 1352 sint,
629 1279 765 1337 malism
780 1278 1010 1338 terrattolcratrs
1027 1286 1176 1357 opponat,
1192 1279 1301 1338 oratio·

76 1370 78 1378 ’
166 1383 238 1421 nem
257 1363 381 1443 incipit,
402 1372 555 1442 tamquam
575 1383 637 1422 ιιοιι
661 1363 699 1421 de
714 1363 762 1421 lus
778 1363 889 1458 solum,
912 1362 967 1422 sed
986 1363 1024 1422 de
1045 1362 1198 1439 omnibus,
1221 1383 1301 1444 quae

168 1449 396 1527 sustinuissent,
417 1449 504 1509 malis
520 1447 672 1522 διοιιιιιιι,
691 1441 822 1524 μόχθους
839 1436 896 1525 γαρ
912 1445 940 1504 εί
933 1443 1066 1542 λέγοιμι
1083 1469 1148 1528 sqq.

253 1521 291 1594 V.
304 1543 365 1599 549.
397 1532 539 1609 Χειμῶνα
557 1523 584 1589 δ’
606 1553 631 1590 ει
625 1528 724 1631 λέγοι
740 1553 784 1602 τις
800 1521 1010 1608 οἰωνοκτόνον,

399 1610 475 1676 Οίον
488 1607 607 1715 παρεῖχ’
621 1607 758 1715 μίφερτον
770 1604 862 1675 Ἰδαία
877 1609 969 1693 χιοόν,
1133 1682 1135 1686 ,

395 1690 443 1760 H
452 1693 597 1803 riclinge,
601 1685 665 1760 εὖτε
680 1692 787 1772 πόντος
802 1698 833 1760 ἐν
849 1700 1062 1801 μεσημβριναῖς

398 1780 554 1858 Κοίταις’
538 1779 663 1864 ακόμων
679 1781 819 1864 νηνέμοις
833 1778 916 1845 εὕδοι
931 1803 1105 1846 πεσων·-

399 1871 437 1930 Τί
446 1872 539 1930 ταῦτα
549 1875 675 1930 πενθεῖν
689 1869 747 1943 δεῖς
764 1870 933 1948 παροίχεται
944 1863 1036 1943 πόνος
1048 1894 1116 1952 sqq.

167 1955 204 2012 Ιιι
222 1955 331 2032 quibus
347 1976 398 2055 en,
409 1977 488 2035 quae
502 1958 625 2035 proprie
640 1957 672 2015 in
687 1917 813 2034 ιμόδοιί
827 1955 958 2014 dicenda
972 1966 1066 2033 erant,
1080 1967 1202 2035 etquae
1194 1977 1303 2033 supra

168 2038 319 2112 indicavi,
343 2042 451 2120 omissa
469 2049 552 2114 sunt,
526 2041 631 2100 tsed
646 2061 707 2117 pro
727 2041 789 2099 illis
811 2041 873 2098 alia
892 2041 1039 2116 cogitat-io
1061 2041 1303 2118 excogitatione

170 2142 274 2180 eorum
283 2144 386 2201 ,quae
402 2125 511 2183 omissa
529 2133 598 2182 sunt
605 2123 767 2222 ,pendens
784 2125 884 2222 posita
903 2133 958 2182 est.

211 2207 250 2266 V
258 2215 385 2287 bllsqq.
402 2198 578 2266 ””Οιανδ
562 2197 696 2304 απευμτᾶ
713 2197 824 2284 πήματ’
843 2197 964 2285 όγγελος
979 2198 1064 2266 πόλει

400 2292 540 2398 Στγγνρῖ
549 2283 696 2376 προσιόπω
712 2291 861 2390 πτωσίμου
876 2292 1002 2371 στρατου
1016 2289 1110 2375 φέρῃ,

393 2369 540 2446 ,Πόλει
508 2399 562 2477 μεν
578 2375 661 2449 ἕλκος
671 2352 707 2436 liv
721 2398 754 2436 το
745 2367 881 2454 δυ’μιον
895 2382 1009 2454 τυχεῖν,

401 2453 538 2534 Ποῖλους
554 2461 586 2524 δε·
602 2462 720 2523 πολλῶν
736 2458 944 2560 ἐξαγισθεντας
960 2457 1060 2540 δόμων

399 2538 529 2620 ’Ἀνδρος
545 2547 635 2647 διπλῇ
653 2541 788 2654 μάστιγι,
807 2569 863 2623 την
873 2538 966 2622 ’Ἁρης
982 2551 1079 2624 φιλεῖ,

403 2625 585 2710 Δίλογχον”
565 2654 655 2710 ατην,
672 2632 795 2729 φοινίαν
811 2630 974 2710 ξυνωρίδα,

403 2716 537 2778 Τοιωνδε
551 2715 650 2795 μέντοι
665 2709 809 2818 πημάτων
827 2713 1006 2816 σεσαγμένον

401 2799 514 2879 Πρίπει
532 2801 627 2883 λέγειν
642 2803 755 2902 παιᾶνα
772 2791 853 2860 τόνδ’
861 2793 1023 2900 Ἐρινύων.

399 2889 561 2986 Σωτηρίων
578 2886 609 2948 δὲ
621 2909 800 2966 πραγματων
816 2877 977 2986 ευόγγελον

345 2981 349 2990 ‘
399 2963 536 3031 Ήκονια
548 2963 621 3070 πρός
636 2974 797 3051 χαίρουσαν
812 2963 927 3030 εὐεστοῖ
939 2965 1027 3030 πόλιν
1040 3004 1083 3016 -

400 3055 473 3128 fleg
489 3048 579 3116 κεδνα
592 3062 654 3129 τοῖς
669 3061 788 3116 κακοῖσι
804 3055 951 3154 συμμίξω,
970 3052 1061 3134 λέγων

400 3130 529 3242 Xecpoiv’
545 3133 672 3218 Ἀχαιῶν
691 3133 746 3201 οὐκ
761 3131 906 3218 ἆμήνιτον
921 3145 1022 3212 θεοῖς;

168 3210 283 3293 ἥκοντα
307 3219 382 3278 dicit
392 3227 494 3321 ,quia
516 3229 547 3285 in
566 3236 667 3286 mente
637 3227 783 3286 tthabe
771 3235 929 3304 tpergere
952 3218 988 3285 οὐ
1008 3221 1111 3298 πρέπει
1136 3213 1227 3283 πεδνα
1244 3229 1305 3297 τοῖς
1355 3287 1359 3294 ,
1404 3223 1407 3230 ’

169 3308 276 3374 κανοῖς
296 3301 512 3384 συμμιγνύναι,
539 3311 593 3370 sed
611 3332 690 3392 quae
706 3312 845 3388 generali
861 3313 993 3369 sentent
972 3321 1015 3369 ιιι
1031 3310 1133 3369 dicere
1149 3332 1232 3400 orsus
1249 3317 1303 3384 est,
1314 3347 1320 3360 ·

170 3390 396 3450 constructione
412 3393 493 3452 subit
481 3403 511 3452 ιο
530 3397 561 3453 in
581 3395 682 3454 media
701 3417 753 3454 ore
755 3397 838 3454 tione
852 3403 949 3453 mutat
937 3404 968 3453 ιι
985 3394 1024 3452 ιδ
1044 3415 1077 3454 se
1092 3389 1184 3453 unuin
1198 3396 1303 3454 refert

168 3475 222 3532 Ει
201 3483 274 3532 tram
290 3475 386 3534 verba
399 3476 570 3536 rotoivde'
534 3499 634 3556 μεντοι
648 3493 791 3558 πηματων
805 3475 984 3556 σεσαγμένον
1000 3477 1039 3536 ad
1052 3480 1183 3537 sentent
1175 3499 1234 3536 ram
1246 3499 1305 3537 ιιοιι

168 3569 240 3619 sunt
254 3563 438 3622 necessaria.

233 3646 299 3705 Has
323 3654 423 3707 tantas
450 3649 595 3707 orationis
615 3649 822 3726 negligentias
843 3647 919 3705 licet
939 3665 995 3724 pro
1010 3645 1131 3704 illorum
1152 3646 1306 3705 hominnm

168 3731 295 3806 ingenio
314 3733 548 3792 iucundissimas
569 3753 641 3791 num
662 3732 700 3791 ab
722 3734 784 3791 alis
806 3751 914 3790 caussa
935 3739 1124 3810 repetamus,
1150 3732 1210 3790 nisi
1225 3731 1306 3811 quod

167 3814 345 3896 Aeschylus
366 3817 504 3878 homines
527 3819 688 3898 loquentes
716 3819 812 3876 faciat
833 3817 951 3893 legum,
974 3836 1050 3896 quas
1074 3815 1229 3894 cogitandi
1257 3837 1305 3876 ars

168 3903 365 3976 praeseribit,
386 3924 446 3962 ιιοιι
464 3912 512 3962 sat
500 3903 538 3963 tis
558 3902 692 3982 gnaros?
726 3903 768 3961 Et
784 3903 816 3960 in
832 3900 934 3960 verbis
951 3902 1027 3962 etin
1042 3910 1110 3960 sent
1098 3902 1202 3962 tentiis
1217 3902 1305 3980 plura

167 3985 558 4080 pr·ofeot'ornsunt,quam
578 4008 657 4067 quae
676 3987 887 4066 supraposui,
907 3986 1304 4063 ad'mgeniumhorumho-

169 4067 284 4126 minum
301 4071 545 4131 accommodata*
511 4093 546 4150 ιχ
571 4093 651 4172 quae
664 4091 899 4132 commemorare
914 4072 1008 4144 nolui,
1025 4093 1065 4130 ne
1080 4071 1207 4146 additis,
1224 4092 1305 4150 quse

169 4147 264 4206 dubia
287 4173 353 4212 esse
380 4166 518 4232 possent
548 4160 721 4218 universam
747 4177 810 4216 rem
835 4157 991 4215 nonnullis
1016 4156 1138 4214 dubiam
1159 4158 1303 4217 facerem

170 4230 249 4290 Caet
237 4241 334 4294 terum
356 4259 395 4296 ne
419 4241 585 4316 Sophocles
607 4243 730 4321 quidem
750 4240 882 4300 moribus
900 4241 1054 4300 hominum
1070 4241 1178 4300 humili
1191 4261 1304 4318 genere

167 4325 309 4376 natorum
326 4320 534 4397 describendis
550 4347 669 4402 prorsus
686 4326 762 4384 abst
741 4328 841 4400 trunit,
859 4327 912 4405 qui
928 4327 959 4384 in
976 4325 1050 4385 Ant
1028 4335 1132 4402 trgona
1148 4323 1304 4384 custodem

167 4398 322 4461 hominem
336 4414 526 4465 nasutum
496 4417 526 4465 e
548 4409 633 4468 locos
648 4431 822 4470 communes
838 4411 929 4468 effect
917 4419 1032 4468 tantem
1047 4408 1211 4466 induxerit.
1246 4409 1302 4467 Sn-
