3230 5308
528 381 685 450 apartibus
701 381 775 432 chori
791 383 919 434 cantatis.
1277 378 1296 438 8

164 553 287 604 cantata
304 565 372 604 esse
386 547 504 604 numeri
524 547 576 604 vel
592 546 782 624 stropharum
798 545 956 624 dispositio
972 544 1118 604 indicium
1133 544 1235 602 facere
1250 545 1294 603 vi·

163 629 309 704 deantur,
338 631 369 688 in
396 630 503 690 iisdem
528 640 710 690 mutatarum
730 650 926 709 personarum
948 629 1061 688 indicia
1085 630 1235 688 contineri
1257 649 1296 688 ex
1377 635 1381 642 '

163 725 341 792 argumente
362 724 394 774 et
407 736 491 774 nexu
507 716 628 776 turbato
647 716 876 774 demonstretur.

586 1021 699 1094 Pars
726 1019 869 1120 prior.

162 1154 206 1215 De
222 1155 356 1231 indiciis,
375 1172 392 1216 e
407 1155 515 1234 quibus
530 1156 654 1218 chorum
667 1175 728 1220 non
741 1159 918 1220 universum
935 1155 1083 1217 cecinisse
1098 1154 1294 1231 intelligitur.

648 1305 817 1312 —-..-—--—-

683 1395 712 1472 ἓ.
738 1397 766 1457 2.

566 1493 600 1547 lie
618 1497 720 1549 numeris
739 1493 884 1549 roclenus.

222 1599 293 1657 Non
308 1599 362 1657 alii
379 1601 410 1657 in
426 1600 609 1660 carminibus
628 1605 812 1680 tragicorum
832 1601 951 1661 melicis
966 1600 1084 1659 numeri
1104 1607 1190 1673 sunt,
1220 1618 1293 1677 quo·

159 1704 224 1741 rum
238 1703 310 1742 usus
323 1693 382 1742 tam
399 1686 489 1744 certis
504 1686 615 1746 finibus
631 1689 874 1766 circumscriptus
891 1686 998 1758 fuerit,
1014 1705 1106 1763 quam
1117 1685 1169 1764 qui
1183 1704 1293 1748 nomen

160 1767 198 1826 ab
217 1769 458 1828 inconcinnitate
479 1791 543 1829 sua
556 1782 742 1852 acceperunt
750 1770 783 1852 ¹).
810 1774 891 1832 Nam
912 1780 946 1830 ut
961 1771 1062 1848 gravis
1084 1777 1114 1826 et
1129 1769 1294 1848 tranquilla

159 1874 350 1913 numerorum
368 1854 487 1914 indoles
504 1857 535 1914 in
552 1859 675 1937 aequali
693 1858 899 1936 descriptione
915 1857 1047 1936 partium
1062 1853 1232 1935 ponitur²),
1248 1855 1293 1911 sic

160 1959 275 1997 summa
290 1939 410 1997 illorum
427 1941 594 2015 anomalia,
611 1945 685 2022 quia
700 1964 847 2002 summum
864 1951 977 2000 motum
992 1940 1085 1998 habet
1105 1949 1135 1997 et
1151 1940 1290 2016 agitatio-

158 2043 243 2096 nem,
266 2031 383 2082 tantum
405 2025 444 2082 ad
467 2025 750 2086 vehementissimas
776 2046 913 2106 quasque
936 2025 1028 2083 animi
1048 2023 1292 2100 perturbationes

160 2105 389 2164 accommodata
405 2116 460 2166 est.
493 2107 563 2182 Qua
574 2113 692 2169 ratione
705 2111 743 2167 ad
759 2113 943 2187 tragicorum
957 2128 1044 2165 usum
1059 2107 1215 2183 aptissimi,
1231 2107 1293 2162 vim

159 2190 249 2267 quasi
264 2190 431 2265 legitimam
448 2201 594 2250 exercent
613 2194 652 2251 ad
672 2193 747 2253 duas
765 2195 858 2252 animi
874 2192 1051 2250 affectiones
1069 2187 1291 2267 exprimendae,

160 2262 193 2330 τὸ
208 2270 375 2349 ταραχῶδες
395 2274 701 2353 perturbationem³),
726 2287 756 2337 et
779 2266 812 2336 τὸ
826 2273 983 2354 θρηνῶδες
1004 2271 1180 2350 lamenta⁴).
1211 2275 1291 2331 llar-

159 2359 290 2415 moniam
304 2378 407 2416 eorum
421 2359 639 2441 mixolydioam
655 2363 750 2422 fuisse
768 2371 1004 2422 consentaneum
1022 2367 1083 2433 est,
1101 2359 1291 2431 concitatam,

160 2442 199 2500 ad
214 2441 336 2502 threnos
351 2452 465 2522 aptam,
482 2466 501 2503 a
518 2447 642 2524 tragicis
658 2449 789 2507 omniurn
805 2448 936 2506 maxime
951 2453 1128 2522 usurpatam
1135 2441 1170 2521 ⁵).

220 2526 283 2586 Sed
298 2528 379 2607 quod
396 2531 561 2609 exempliS,
585 2552 664 2612 quae
685 2541 756 2592 sunt
772 2532 853 2612 apud
870 2531 1075 2610 Aeschylum,
1095 2529 1289 2606 comproban-

160 2609 230 2670 dum
254 2615 398 2692 proposui
418 2635 596 2696 numquam,
618 2617 672 2676 ubi
692 2618 809 2676 numeri
832 2617 892 2675 sint
907 2614 1091 2686 dochmiaci,
1115 2622 1237 2671 cantum
1252 2613 1291 2670 ad

157 2699 315 2757 universos
338 2699 495 2760 choreutas
509 2702 710 2780 pertinuisse,
734 2722 814 2781 quae
832 2701 988 2760 sententia
1004 2699 1197 2758 confirmatur
1211 2699 1289 2756 vire·

158 2803 224 2840 rum
241 2781 333 2861 longe
349 2783 588 2846 doctissimorum
603 2787 717 2847 iudicio
743 2796 774 2846 et
788 2787 970 2845 auctoritate
977 2782 1018 2861 ⁶),
1042 2784 1107 2842 eius
1122 2784 1168 2841 rei
1185 2803 1292 2842 caussa

159 2869 348 2947 exipsorum
366 2871 399 2928 vi
413 2879 443 2929 et
463 2870 565 2932 indole
582 2871 752 2952 repetenda
764 2880 818 2932 est.
848 2870 1014 2930 Oonrmotio
1031 2869 1111 2927 enim
1128 2877 1174 2927 est
1187 2869 1291 2946 singu-

157 2952 270 3028 lorum,
286 2973 388 3032 neque
404 2954 444 3012 ad
456 2957 635 3034 magnificos
650 2957 786 3016 universi
806 2956 888 3015 chori
907 2961 1087 3027 concentus,
1104 2974 1179 3032 quos
1197 2953 1290 3012 subli-

157 3039 214 3096 mis
232 3037 322 3096 decet
340 3047 371 3097 et
388 3041 555 3119 tranquilla
575 3062 674 3101 rerum
694 3041 911 3114 consideratio,
923 3041 1004 3098 'satis
1026 3039 1170 3098 convenit
1184 3038 1292 3097 summi

157 3121 209 3180 vel
222 3121 341 3182 'doloris
365 3125 415 3183 vel
441 3126 604 3186 anxietatis
626 3126 677 3185 vel
698 3135 796 3184 metus
815 3135 907 3204 atque
927 3125 1057 3184 herroris
1081 3131 1188 3201 sponte
1204 3123 1292 3202 quasi

157 3226 355 3285 prorumpens
371 3229 387 3266 e
402 3217 526 3288 pectore
541 3211 734 3288 significatio.
763 3209 909 3284 Accedit,
933 3210 1016 3289 quod
1034 3217 1159 3288 prepter
1175 3215 1291 3266 tantam

159 3288 365 3350 dochmiorum
387 3302 418 3350 et
439 3295 708 3354 inconcinnitatem
736 3303 767 3353 et
786 3295 925 3354 brevium
953 3293 1155 3376 syllabarum,
1181 3293 1290 3372 quibus

158 3375 336 3452 saepissime
358 3377 530 3450 solvuntur,
552 3379 782 3446 abundantiam,
805 3381 831 3438 si
855 3380 963 3458 chorus
978 3388 1058 3438 totus
1076 3386 1214 3450 caneret,
1235 3395 1290 3435 eae

160 3456 358 3518 difficultates
382 3479 448 3520 esse
472 3461 640 3537 debebant,
659 3483 735 3542 quas
752 3464 789 3520 ab
805 3465 842 3522 iis
859 3465 913 3522 vix
929 3473 1020 3540 putes
1038 3483 1104 3521 csse
1122 3469 1289 3538 superatas.

158 3543 266 3602 Simile
283 3545 364 3603 enim
382 3553 442 3619 est,
466 3545 549 3624 qued
571 3548 695 3620 seimus,
718 3565 810 3625 quum
830 3547 1014 3627 dithyrambi
1038 3546 1076 3603 ab
1095 3545 1221 3622 antiqua
1236 3563 1291 3600 sua

158 3628 354 3706 simplicitate
370 3628 557 3689 defecissent
570 3639 600 3690 et
620 3632 738 3689 numeri
754 3633 851 3708 magis
868 3631 961 3690 soluti
979 3636 1095 3698 essent,
1111 3647 1202 3704 quam
1219 3647 1288 3684 can-

157 3721 205 3771 tus
223 3713 352 3773 haberet
367 3712 594 3788 difficultatem,
613 3735 750 3774 caussam
766 3714 876 3788 fuisse,
897 3733 949 3774 cur
963 3735 1026 3773 non
1041 3712 1170 3788 amplius
1186 3731 1204 3769 a
1220 3711 1289 3768 cho-

157 3799 213 3870 riS,
229 3797 284 3857 sed
301 3819 319 3856 a
334 3799 462 3877 singulis
481 3808 662 3860 canerentur
684 3799 826 3877 agonistis
844 3807 1043 3878 carerentque
1060 3793 1289 3874 antistrophisl).

157 3883 255 3942 Recte
271 3885 351 3942 enirn
371 3884 555 3946 Aristoteles
580 3905 695 3965 quaec
719 3884 815 3956 choris
837 3893 985 3944 canantur
1001 3882 1151 3954 carmina,
1174 3880 1287 3959 simpli-

231 4034 256 4100 1)
276 4035 318 4086 cf.
333 4035 448 4088 Aristid.
469 4037 562 4100 Quint.
582 4052 608 4101 p.
628 4037 670 4088 39.
707 4033 826 4100 Etymol.
839 4037 876 4086 M.
892 4052 913 4086 s.
926 4053 953 4087 v.
972 4024 1135 4098 δοχμιακός.
1207 4029 1233 4096 2)
1254 4032 1286 4082 V.

58 4145 63 4154 .
159 4101 276 4153 Aristot.
300 4105 391 4154 Probl.
417 4107 496 4168 XIX,
517 4107 558 4156 15.
595 4105 708 4156 Aristid.
734 4105 828 4167 Quint.
854 4122 880 4170 p.
900 4105 942 4156 98.
1013 4101 1041 4167 3)
1060 4099 1173 4151 Aristid.
1193 4101 1286 4162 Quint.

158 4168 177 4218 l·
195 4170 213 4218 l·
278 4172 306 4236 4)
324 4173 413 4224 Schol.
432 4175 468 4224 ad
485 4175 583 4226 Aesch.
603 4175 678 4240 Sept.
698 4191 725 4226 v·
742 4174 800 4225 163.
825 4175 940 4225 Aristot.
959 4174 978 4223 l.
995 4173 1012 4222 1.
1085 4169 1112 4234 5)
1129 4169 1200 4219 Plut.
1222 4168 1286 4218 dial.

159 4237 225 4316 περὶ
243 4253 324 4303 iim·
342 4257 367 4304 p·
390 4243 439 4295 134
460 4243 502 4294 ed.
519 4247 634 4295 Burette
657 4259 718 4295 eam
742 4248 826 4295 vocat
843 4234 1011 4307 παθητικήν
1036 4254 1116 4301 τινα,
1141 4233 1288 4300 depuerit-
1386 4259 1389 4266 ·

158 4321 228 4371 κ7111
247 4305 416 4373 aoappdr'csg
435 4302 620 4375 ἁρμόζουσαν.
692 4311 719 4375 (l)
744 4315 776 4364 V.
802 4314 894 4364 Herm.
921 4311 1012 4363 Praef.
1033 4310 1069 4359 ad
1090 4308 1185 4369 Eurip.
1204 4306 1285 4352 Herc.

158 4377 222 4426 Fur.
248 4392 274 4440 p.
302 4391 345 4426 xv.
371 4379 453 4428 Seidl.
479 4381 511 4431 de
534 4397 579 4432 vv.
604 4381 709 4431 doehm.
730 4397 756 4444 p.
782 4381 822 4431 10.
860 4381 979 4432 Boeckh.
1003 4379 1039 4429 ad
1054 4376 1131 4433 Pind.
1150 4373 1203 4425 vol.
1217 4374 1239 4420 Ι.
1259 4388 1285 4434 p.

159 4444 219 4496 322.
264 4497 268 4502 ,
296 4441 323 4506 7)
338 4445 371 4494 V·
391 4446 504 4497 Ariston.
517 4449 607 4498 Probl.
623 4450 702 4511 XIX,
723 4448 764 4499 15.
1037 4511 1079 4570 μ
