3246 5328
352 409 600 464 Coniectaneorum
621 411 650 464 in
670 410 798 480 Aeschyli
814 411 959 484 Supplices
974 433 1040 485 pars
1060 417 1156 471 altera.
1264 415 1323 478 11¹7

183 561 255 654 μήδ’
280 562 332 633 ἀπ’
355 565 487 652 οὐρανοῦ
509 561 608 654 θεόν)’
626 579 737 637 Danao
754 577 948 640 tribuendum
967 601 1049 659 esse3
1073 583 1177 644 Solem
1193 586 1274 644 enim
1290 595 1321 647 et

183 660 361 740 Apollinem
379 661 516 720 diversos
537 661 623 721 Deos
643 663 705 720 dici
727 671 759 722 et
772 665 816 721 ita
830 666 1050 725 sententiarum
1065 669 1317 746 aequabilitatem

182 747 299 805 servari
322 753 352 805 et
373 747 541 804 orationem
562 765 661 826 aequa
680 747 749 824 lege
774 749 853 806 inter
868 748 1010 808 Danaum
1027 759 1057 808 et
1072 750 1203 812 Chorum
1218 753 1318 814 distri·

183 831 246 889 bui.
281 829 344 891 Sed
363 830 452 908 plura
473 829 595 888 turbata
616 851 682 890 esse
705 840 800 909 patet.
837 832 937 890 Recte
953 841 1054 891 autem
1069 835 1165 894 Well.
1183 839 1317 897 animad-

181 916 276 994 vertit
299 934 421 973 versum
447 922 507 976 207.
531 904 587 970 '¹16
593 933 670 972 οιτο
701 913 774 990 δῆτα
802 915 985 992 πρευμενοῦς
1005 907 1058 974 ἅττ’
1081 906 1209 994 όμματος
1225 923 1317 996 collo-

184 996 314 1058 candum
333 1019 401 1057 esse
421 1006 491 1076 post
511 1017 632 1057 versum
653 1008 713 1062 203.
740 988 867 1070 Ζεός’όὲ
887 992 1037 1079 γεννήτωρ
1054 997 1152 1076 ἴδοι,
1173 1005 1317 1083 quemad-

184 1081 305 1142 modum
320 1104 349 1142 v.
366 1092 418 1145 213
432 1090 502 1162 post
516 1083 626 1140 verba:
651 1073 749 1154 Εἰδῶς
770 1072 809 1142 όν
829 1075 917 1141 αἶσαν
932 1077 1020 1159 τήνδε
1041 1077 1178 1162 σομμντόή
1200 1087 1319 1166 βροτοῖς

183 1167 311 1225 Danaus
334 1166 432 1226 dicat:
451 1169 616 1244 Σογμνοῐτο
632 1165 705 1242 δήτα
720 1187 786 1247 sqq.
819 1166 888 1244 Quo
902 1187 963 1226 uno
976 1168 1111 1235 indicato
1127 1147 1223 1232 Well.
1239 1193 1318 1252 quae

182 1259 307 1310 manent
328 1250 527 1309 difficultates
547 1272 610 1311 non
633 1252 800 1328 expedivit.
829 1252 964 1310 Primum
980 1253 1059 1312 enim
1074 1273 1166 1332 quum
1181 1257 1316 1332 singulos

180 1335 286 1392 Danai
302 1343 333 1393 et
348 1333 441 1393 Ohori
454 1355 558 1394 versus
578 1336 730 1394 alternare
754 1344 916 1415 appareat,
938 1355 1118 1418 quocunque
1139 1339 1228 1398 modo
1249 1361 1316 1400 ver·

181 1437 232 1477 sus
256 1418 313 1477 hoc
334 1419 401 1477 loco
421 1427 615 1496 transponas,
631 1421 708 1478 ratio
723 1440 784 1479 non
800 1419 965 1493 constabit,
986 1422 1061 1499 quin
1077 1423 1173 1481 semel
1187 1425 1240 1483 uni
1256 1424 1316 1484 duo
1336 1463 1338 1468 ·

179 1523 286 1562 versus
311 1503 482 1562 tribuantur
503 1505 648 1563 continui.
687 1503 777 1582 Quod
803 1523 895 1583 quum
917 1504 1034 1563 admitti
1062 1506 1207 1566 hocloco
1230 1510 1316 1569 nullo

179 1585 268 1646 modo
286 1589 400 1666 possit,
425 1596 663 1648 consentaneum
685 1597 730 1648 es't
752 1597 804 1648 aut
827 1579 979 1648 excidisse
997 1589 1128 1668 aliquid,
1151 1599 1203 1650 aut
1219 1593 1314 1652 immi-

179 1691 284 1748 grasse
306 1671 515 1730 nonnullaab
537 1673 595 1731 hoc
620 1673 687 1732 loco
711 1674 822 1733 aliena.
861 1675 1001 1732 Iamvero
1025 1676 1206 1750 sententias,
1234 1697 1314 1755 quae

178 1754 317 1816 versibus
340 1766 393 1818 204
413 1764 443 1815 ct
463 1766 514 1818 205
531 1759 739 1832 continentur,
762 1759 788 1818 si
809 1767 996 1837 spectamus,
1021 1761 1112 1818 certis
1128 1765 1314 1837 argumentis

179 1840 232 1900 hos
254 1861 359 1900 versus
381 1861 399 1899 a
422 1842 510 1914 sede,
534 1861 625 1921 quam
645 1843 736 1902 hodie
759 1851 927 1920 occupant,
948 1844 1065 1902 alienos
1088 1863 1155 1903 esse
1179 1855 1312 1923 apparet.

179 1926 267 1984 Dicit
280 1927 425 1986 Danaus:
452 1918 511 2001 Μή
532 1925 590 1984 νῦν
610 1920 744 2002 σχόλαζε,
765 1927 900 2004 μηχανῆς
923 1917 950 1982 δ’
978 1924 1052 1986 ἔστω
1071 1917 1188 2005 κρότος.
1224 1928 1313 2006 Quae

177 2009 273 2069 verba
286 2012 392 2089 inepta
403 2018 481 2086 sunt,
496 2011 556 2070 nisi
571 2013 601 2069 in
616 2013 868 2071 antecedentibus
882 2011 999 2090 aliquid
1016 2013 1214 2086 contineatur,
1231 2014 1313 2074 unde

178 2097 245 2174 quis
264 2096 343 2154 scire
357 2095 468 2171 possit,
491 2115 581 2174 quam
596 2097 650 2154 ille
667 2089 803 2172 μηχανήν
824 2095 987 2172 intelligat.
1023 2094 1198 2155 Cuiusmodi
1213 2107 1314 2158 nostro

177 2181 244 2256 loco
260 2178 338 2238 nihil
353 2181 533 2239 continetur.
560 2180 611 2238 Ex
630 2201 775 2259 responso
793 2179 969 2238 Danaidum
991 2178 1111 2238 demum
1132 2181 1313 2258 intelligitur

176 2262 360 2338 remedium,
378 2262 458 2345 quod
474 2265 601 2323 Danaus
616 2266 796 2344 praecipiat,
813 2265 872 2324 hoc
891 2283 974 2336 esse,
990 2272 1024 2322 ut
1039 2263 1079 2322 ad
1093 2265 1230 2323 Deorum
1245 2286 1313 2326 aras

178 2369 212 2408 se
223 2348 389 2407 conferant.
411 2349 510 2426 Igitur
524 2349 602 2424 loco,
622 2369 681 2428 quo
695 2348 784 2408 buius
799 2351 845 2408 rei
860 2349 943 2407 facta
959 2355 1004 2407 est
1018 2349 1140 2422 mentio,
1157 2369 1264 2422 versus
1280 2352 1312 2409 hi

176 2433 353 2514 reponendi.
381 2432 514 2492 Accedit
535 2434 664 2493 alterum
685 2442 894 2512 argumentum
910 2452 949 2492 ex
964 2453 1109 2511 responso
1124 2435 1310 2495 Danaidum.

175 2517 389 2596 Respondent:
416 2508 534 2593 (θέλοιμ’
552 2506 590 2575 liv
605 2509 664 2594 ήδη
679 2515 724 2576 σοὶ
737 2515 827 2589 πέλας
842 2507 975 2594 θρόνους
993 2513 1077 2593 ἔχειν.
1104 2515 1193 2593 Quae
1207 2518 1309 2578 dicen·

174 2613 220 2662 tes
238 2611 476 2662 consentaneum
491 2602 588 2665 estad
603 2623 716 2663 arasse
730 2603 908 2678 contulisse;
926 2603 1063 2680 ineptum
1079 2603 1168 2674 enim,
1184 2603 1210 2661 si
1222 2623 1310 2680 spon-

176 2687 282 2747 dentes
301 2707 333 2747 sa
350 2689 410 2746 iam
426 2708 444 2746 a
458 2697 545 2767 patre
562 2689 644 2748 iussa
659 2690 803 2762 facturas,
819 2695 921 2746 tamen
939 2707 1000 2744 non
1014 2686 1140 2745 faciant.
1169 2687 1310 2747 Iamvero

174 2774 302 2832 Danaus
320 2793 350 2831 v.
368 2781 420 2836 229
438 2773 531 2832 dicit:

338 2860 500 2932 Σκοττεῖτε,
520 2848 754 2935 κάμείβεσθε
773 2847 883 2914 τόνδε
901 2843 964 2912 τόν
978 2846 1109 2928 τόπον,

336 2929 439 3011 Ὅπως
453 2929 491 2998 dv
505 2931 578 3017 ὑμῖν
593 2941 706 3020 πρᾶγος
722 2923 755 2999 εὖ
770 2940 843 3023 νικᾷ
858 2930 934 2998 τόδε.

173 3068 192 3102 ,,
201 3029 331 3102 Conferte
357 3044 405 3084 cos
428 3030 484 3082 iam
512 3031 541 3083 in
562 3030 637 3084 banc
656 3027 774 3086 locum.“
807 3024 947 3106 Apparet
968 3031 1020 3082 aut
1033 3024 1136 3082 Danai
1164 3023 1259 3084 verba
1280 3046 1309 3084 r.

174 3121 226 3174 229
241 3113 347 3188 inepta
364 3129 445 3183 esse,
463 3111 488 3175 si
503 3109 662 3169 Danaides
678 3113 738 3169 iarn
755 3118 847 3169 antea
863 3108 902 3168 ad
917 3110 1052 3168 Deorum
1069 3128 1137 3166 aras
1154 3129 1187 3168 se
1203 3117 1309 3168 contu-

173 3197 280 3268 lerint,
301 3203 353 3252 aut
368 3193 544 3252 Danaidum
559 3216 588 3253 v.
602 3205 662 3269 205,
679 3196 704 3254 si
720 3215 753 3254 se
770 3214 831 3252 non
847 3193 1039 3252 contulerint.
1068 3191 1201 3252 Accedit
1218 3195 1309 3252 etiam
1381 3245 1386 3254 ε

173 3280 245 3352 hoc,
268 3276 349 3358 quod
363 3297 455 3356 quum
475 3278 577 3337 verbis
596 3267 671 3349 Ζεὺς
696 3274 728 3336 δὲ
745 3270 895 3356 γεννήτωρ
914 3273 973 3334 ἴδοι
990 3277 1127 3335 Deorum
1140 3297 1248 3355 preces
1264 3279 1309 3335 in-

175 3364 306 3441 cipiant,
336 3381 391 3420 eae
420 3365 528 3440 prece's
553 3363 738 3440 interpositis
758 3361 897 3421 versibus
917 3369 969 3422 204
989 3379 1055 3439 sqq.
1083 3361 1192 3420 misero
1215 3361 1309 3440 plane
1357 3393 1364 3406 ι

172 3447 263 3508 modo
278 3449 544 3525 interrumpuntur.
574 3447 719 3526 Denique
735 3445 828 3504 iidem
843 3444 1026 3504 versusalio
1041 3443 1125 3519 loco,
1144 3465 1234 3524 quem
1248 3454 1308 3504 sta-

172 3535 227 3592 tim
243 3531 460 3604 indioabimus,
484 3530 630 3608 adscripti
652 3531 730 3589 adeo
749 3538 819 3589 sunt
835 3531 912 3607 apti,
930 3536 965 3586 ut
980 3529 1004 3584 is
1021 3527 1121 3601 locus,
1136 3528 1229 3586 hodic
1246 3527 1308 3586 edi-

171 3627 270 3678 torum
294 3617 474 3676 coniecturis
496 3621 639 3688 vexatus,
662 3615 723 3674 illis
746 3613 884 3673 versibus
908 3610 1020 3669 additis
1043 3611 1154 3688 optime
1175 3618 1308 3672 sanetur.

171 3704 270 3780 Igitur
291 3710 415 3781 propter
437 3707 483 3759 tot
504 3707 668 3780 tantasque
693 3719 815 3758 caussas
833 3717 895 3756 non
912 3693 1098 3768 dubitamus,
1122 3696 1195 3774 quin
1211 3703 1310 3778 ν.204

173 3797 203 3846 et
217 3809 247 3848 v.
263 3797 313 3849 205
330 3795 361 3846 et
375 3807 405 3846 v.
418 3793 470 3848 206
486 3805 503 3843 e
518 3785 594 3857 loco,
611 3804 671 3863 quo
688 3803 768 3842 nune
783 3783 933 3859 legantur,
948 3780 980 3838 in
997 3779 1089 3838 alium
1102 3779 1309 3839 transferendi

171 3873 246 3945 sint,
272 3892 364 3952 quum
386 3870 414 3950 l)
442 3878 557 3929 eertum
581 3870 621 3928 sit
640 3888 761 3927 versum
782 3874 833 3930 207
854 3874 925 3946 μοστ
945 3884 1065 3924 versum
1080 3872 1132 3926 203
1145 3864 1310 3942 legendum

173 3977 254 4030 esse,
276 3953 306 4032 2)
322 3975 519 4036 personarum
536 3953 707 4014 distributio
730 3960 783 4012 aut
798 3949 950 4011 excidisse
966 3957 1018 4008 aut
1032 3949 1219 4027 immigrasse
1234 3971 1308 4009 non-

172 4041 257 4097 nulla
269 4041 417 4117 postulet,
437 4039 467 4118 3)
486 4060 591 4099 versus
606 4047 658 4102 204
672 4039 755 4113 Ιοοο,
778 4056 838 4116 quo
853 4035 982 4114 legitur,
998 4054 1089 4094 sensu
1104 4043 1215 4110 careat,
1231 4033 1260 4113 4)
1278 4056 1307 4093 v.

173 4129 224 4182 205
240 4123 376 4200 ineptum
391 4127 439 4197 sit,
458 4126 483 4184 si
496 4124 657 4184 Danaides
672 4145 733 4182 non
748 4123 872 4196 faciant,
888 4119 971 4200 quod
987 4121 1080 4195 aiunt,
1096 4117 1125 4198 5)
1143 4121 1176 4178 hi
1191 4124 1307 4194 verene,

173 4205 271 4280 inepti
286 4225 345 4282 quo
360 4208 501 4283 leguntur
515 4209 593 4282 loco,
610 4209 670 4267 alio
684 4209 745 4268 siut
757 4201 916 4287 aptissimi.
945 4205 1062 4264 Eiectis
1080 4206 1180 4264 omnia
1196 4205 1308 4283 optime

173 4289 298 4348 huncin
308 4288 617 4369 modumprocedunt:
1079 4294 1082 4302 ’

578 4429 581 4436 ,
663 4375 810 4440 ΧΟΡΟΣ.

338 4444 450 4532 Πάτερ,
465 4447 655 4532 φρονούντως
670 4448 743 4535 πρὸς
758 4458 944 4535 φρονοῦντας
959 4453 1098 4524 ἐννέπεις.
