3246 5328
286 370 325 431 64
537 375 569 426 ln
584 374 660 428 locos
672 374 777 444 aliquot
792 372 918 440 Aeschyli
933 373 1168 444 Cboepborarum.

286 543 413 603 verbum
435 541 548 601 dixerit
568 542 799 601 interfecturum
820 538 967 638 spondet,
989 560 1090 619 neque
1108 529 1181 616 σαφ’
1202 540 1268 600 ίσθι
1284 564 1338 603 suo
1352 545 1420 604 loco

286 631 416 727 positum
439 636 500 701 est,
523 637 554 686 et
568 629 634 706 qui·
643 646 697 684 κατ
701 613 905 700 ’ὀφθαλμοὺς
919 623 1023 700 βαλεῖν
1042 646 1096 704 pro
1110 629 1282 702 conspicere
1298 627 1420 702 dixerit,

287 734 343 792 ego
355 735 418 774 scio
439 713 603 782 neminem3
629 719 711 770 certe
739 708 841 768 media
862 711 960 768 forma
978 705 1126 785 βαλέσθαι
1147 731 1223 790 opus
1244 723 1319 772 erat
1359 675 1420 772 Ριό

286 794 350 872 ἐρεῖ
360 786 589 856 scribendum'
573 799 666 872 αρεῖ.
712 794 800 868 „Ubi
820 814 889 852 eum
905 793 937 852 in
953 793 1030 853 solio
1043 797 1139 873 patris
1158 797 1342 857 sedentem
1334 819 1420 858 mve-

285 903 373 956 nero‚
392 891 444 940 aut
457 881 648 940 thalamum
640 899 793 958 ingressus
814 878 868 937 ille
890 898 992 936 coram
1012 899 1060 938 me
1080 881 1184 940 oculos
1206 885 1363 942 sustulerit
1380 893 1419 956 et,

284 989 324 1028 ne
346 930 466 1041 dubita,
485 966 633 1025 deiecerit
654 967 732 1044 sqq.‘
735 964 870 1041 ‘Igitur
885 963 951 1022 fore
974 962 1050 1023 dicit
1069 974 1103 1024 ut
1116 965 1284 1044 Aegisthus
1300 929 1419 1028 vultunl

285 1073 372 1112 sirum
389 1073 450 1111 non
465 1052 624 1112 sustineat.

370 1153 484 1217 V..576
520 1140 606 1210 Ycld’
626 1129 806 1248 όλλατμότμ
814 1136 903 1245 δεῦρ’
924 1142 1099 1210 ἐποπτεῦσαι
1115 1148 1189 1230 λέγω
1243 1211 1245 1217 ,

515 1225 732 1314 ξιφηφόρους’
716 1235 833 1314 αμῶνας
848 1221 1019 1312 ὀρθώσαντί
1030 1255 1090 1311 μοι.

286 1339 503 1400 Necessarium
527 1337 663 1411 videtur,
688 1346 722 1396 ut
748 1357 803 1415 pro
827 1323 995 1413 όρθόσαντι
1023 1336 1173 1395 scribatur
1194 1322 1418 1418 όρθιόσοντι.

287 1426 376 1484 Alias
392 1425 472 1484 enirn
487 1382 698 1482 dimicatiorles
715 1421 807 1483 Orest
795 1429 856 1480 tem
868 1420 998 1480 subiisse
1009 1441 1069 1480 ιιοιι
1085 1429 1211 1480 constat.

414 1511 452 1570 V.
471 1516 530 1572 715.
561 1507 632 1567 Νῦν
648 1496 705 1586 γὰρ
725 1495 855 1602 ακμάζει
870 1493 968 1563 πειθόι
981 1503 1098 1601 δολίαν,

560 1591 782 1691 ξιιμκαιαβηναι
796 1582 923 1688 χθόνιον
938 1581 967 1647 δ’
983 1577 1095 1668 Ἑρμῆν

561 1674 612 1735 καὶ
630 1667 682 1738 τὸν
694 1668 799 1755 νύχιον
814 1665 907 1746 τοιςδ’
928 1670 1085 1750 ἐφοδεῦσαι

559 1748 831 1840 ξιφοδηλήτοισιν’
814 1760 936 1838 αγιδσιν.

286 1867 431 1925 Fortasse
450 1863 644 1925 scribendum
661 1874 721 1924 est:
743 1852 867 1941 χθόνιον
882 1865 915 1919 θ
931 1849 1044 1938 Ἑρμῆν
1058 1851 1193 1936 καιρὸν
1207 1855 1312 1942 νόμον
1326 1853 1418 1937 τοῖςδ’

287 1948 435 2027 ἐφοδῶσαι
452 1971 517 2030 sqq.
549 1948 644 2028 Optat
659 1950 781 2024 chorus,
797 1957 831 2007 ut
842 1947 1011 2006 Mercurius
1027 1950 1283 2026 opportunitatem
1298 1961 1418 2010 noctur·
1468 1959 1473 1968 ’

286 2057 357 2094 ιιοιι
373 2035 547 2094 certaminis
570 2034 717 2110 adducat,
736 2036 776 2094 cf.
794 2034 875 2093 infra
889 2054 918 2090 v.
933 2039 1001 2103 8043
1024 2031 1134 2092 caedes
1154 2037 1234 2093 enim
1248 2045 1341 2094 noctu
1352 2057 1420 2115 per-

286 2130 433 2199 petratur.
463 2120 543 2178 Nam
557 2139 596 2178 ne
611 2121 643 2178 in
656 2120 714 2179 hac
730 2119 854 2201 quidem
866 2117 973 2176 fabula
983 2117 1158 2198 Aeschylus
1169 2121 1318 2180 unitatem
1330 2141 1421 2220 quam

288 2204 395 2265 dicunt
414 2204 558 2283 temporis
579 2203 617 2262 ab
640 2207 720 2264 omni
738 2213 825 2284 parte
842 2203 987 2262 servavit.
1023 2203 1138 2282 Incipit
1152 2203 1259 2263 fabula
1273 2207 1420 2265 matutino

288 2299 441 2369 tempore,
463 2290 530 2348 linit
518 2297 567 2347 tur
581 2299 685 2350 noctu.
718 2292 811 2349 Mane
832 2288 940 2347 chorus
956 2286 1104 2346 libamina
1121 2288 1161 2348 ad
1175 2290 1322 2349 tumulum
1328 2290 1420 2386 Aga

289 2374 538 2474 memnpnisfert
554 2383 648 2433 noctu
664 2375 754 2436 Orest
742 2384 788 2434 tes
804 2375 836 2432 in
846 2372 1012 2472 hospitium
1027 2371 1168 2446 devertit,
1185 2375 1224 2432 cf.
1238 2383 1298 2438 650
1316 2363 1354 2448 ὡς
1369 2372 1419 2433 καί
1521 2433 1527 2444 ,

288 2448 425 2528 νυκτὸς
448 2447 524 2536 ιἰίρμ
528 2449 708 2537 ’ἐπείγεται
733 2453 949 2530 σκοτεινόν,
979 2444 1092 2532 dipud'
1116 2418 1262 2534 ἐμπόρους
1283 2456 1419 2536 μεθιέναι

287 2565 421 2623 αγιιοραν
449 2539 481 2601 ἐν
500 2537 615 2622 δόμοισι
641 2535 802 2616 πανδόκοις
826 2538 924 2615 ξένοιν.
960 2541 1071 2637 Itaque
1097 2562 1126 2600 v.
1146 2552 1200 2606 868
1221 2564 1328 2604 servus
1346 2544 1419 2624 uly-

288 2639 504 2691 taemnestram
517 2650 621 2690 somno
631 2629 767 2690 obrutam
780 2628 921 2688 coniicit:
935 2623 983 2684 ιὀιι
972 2613 1054 2682 ίοό.
1071 2645 1185 2699 κωφοις
1201 2618 1282 2685 δϋτω
1271 2625 1349 2686 καλ
1366 2651 1419 2688 κα-

193 2708 197 2716 ’
287 2706 451 2773 θεόδοιισιν
468 2704 573 2790 μόνην.

331 2816 369 2875 V.
385 2823 437 2877 795
452 2834 520 2892 sqq.
538 2803 612 2871 Τόδε
628 2811 725 2912 καλῶς
739 2801 893 2908 κτάμενον.
921 2831 944 2868 οι
932 2789 1041 2908 μέγα
1047 2808 1139 2868 ναίων

545 2888 665 2973 στόμιον
681 2917 714 2957 ειι
699 2881 776 2967 δός
786 2890 902 2954 ἀνιδεῖν
919 2884 1010 2972 δόμον
1025 2884 1132 2975 ἀνδρὸς

544 2981 598 3040 καί
606 3001 655 3038 νιν
666 2977 839 3083 ἐλευθερίως

543 3058 726 3141 λαμπρῶςτ’
743 3064 817 3124 ἰδεῖν
833 3061 945 3141 φιλίοις
1026 3123 1028 3128 ,

547 3165 721 3228 ομμασιν
689 3147 721 3210 ἐ
738 3149 885 3230 δνοφερᾶς
900 3142 1081 3227 καλύπτρας.

288 3261 454 3337 Postquam
469 3252 576 3314 chorus
592 3254 698 3312 Iovem
714 3261 745 3312 ct
759 3254 844 3312 Deos
858 3251 993 3311 Penates
1011 3255 1181 3331 invocavit,
1201 3259 1366 3319 orationem
1381 3254 1421 3319 ad

289 3343 466 3425 Apollinem
484 3340 644 3398 convertit.
687 3338 819 3398 Verba
811 3338 866 3396 mit
869 3338 896 3396 io
906 3338 1008 3436 posita
1021 3338 1098 3397 mult
1086 3347 1149 3398 tum
1164 3351 1315 3403 torserunt
1330 3347 1420 3404 inter·

290 3438 407 3510 pratas,
432 3446 511 3508 quae
529 3425 616 3484 facili
629 3433 795 3484 murone
809 3423 914 3482 hunc
907 3443 938 3481 ιιι
952 3421 1074 3482 ιιιοδιιιιι
1092 3426 1254 3486 scribenda
1269 3420 1420 3488 suntTd

292 3512 330 3576 δὲ
351 3513 474 3584 καλῶς
493 3509 671 3587 κτίμενον
688 3531 711 3568 ω
696 3492 798 3587 μέγα
811 3506 906 3565 ναίων
915 3521 1035 3583 στομιον
1047 3529 1116 3604 sqq.
1132 3511 1215 3589 „Qui
1229 3521 1330 3571 autom
1341 3513 1419 3571 bene

292 3601 447 3662 conditum
465 3617 607 3675 magnum
625 3616 658 3654 os
671 3595 837 3674 speluncae
854 3602 949 3652 tenes.
958 3595 975 3623 “
995 3585 1124 3670 Στόμιον
1144 3595 1182 3654 de
1202 3597 1325 3654 oraculo
1343 3597 1418 3654 Del-

289 3687 381 3766 phico
402 3685 516 3744 dictum
532 3701 570 3742 ex
586 3680 737 3742 Strabone
752 3678 912 3738 annotavit
900 3677 1055 3750 t.;Blomf
1081 3687 1181 3737 tamen
1198 3679 1255 3739 hoc
1271 3681 1338 3738 loco
1340 3700 1418 3778 pro

290 3781 358 3850 pter
374 3771 513 3829 omissum
534 3787 646 3826 nomen
661 3764 815 3842 Apollinis
830 3761 1060 3822 desiderabatur
1073 3761 1204 3840 aliquid,
1221 3785 1280 3842 quo
1298 3757 1419 3841 στόμιον

290 3856 414 3935 propius
433 3853 471 3912 de
492 3851 613 3912 oraculo
631 3849 745 3908 dictum
766 3847 992 3924 designaretur3
1008 3845 1048 3903 ad
1063 3865 1152 3925 qnam
1167 3866 1231 3905 rern
1245 3850 1419 3925 significan-

293 3941 363 3999 dam
389 3947 493 4015 aptum
517 3933 688 4015 essequod
714 3934 902 4010 reposuimus
925 3930 1078 3989 neminem
1099 3930 1164 3988 fore
1188 3952 1345 4009 speramus
1367 3938 1420 4015 qui

291 4025 402 4082 infitias
424 4030 482 4086 eat
518 4020 582 4078 Vix
605 4039 680 4098 opus
702 4028 749 4078 est
773 4027 807 4077 ut
826 4015 980 4077 Homerici
1003 4009 1175 4104 ἐϋκτίμενον
1196 4017 1420 4082 admoneamus.

293 4110 469 4187 Sequuntur
479 4103 590 4164 verba:

543 4178 689 4264 ιιλλαβοι
704 4175 732 4244 δ
749 4182 885 4258 ἐνδίκως

544 4274 614 4340 παῖς
629 4293 646 4330 ο
636 4265 766 4342 ’Μαίας
780 4262 998 4347 ἐπιφοριότατος

544 4355 652 4456 πρᾶξιν
665 4346 768 4455 οὐρίαν
782 4351 889 4413 θέλων.
1104 4401 1111 4410 .

545 4431 651 4518 [πολλα
666 4431 694 4497 δ
713 4430 767 4498 αλλ
769 4460 788 4496 α
804 4459 893 4514 φανει
886 4435 1039 4517 χρηίζων
