3254 5304
303 408 361 468 122
470 409 716 460 Coniectaneorum
732 407 759 458 iu
782 405 910 474 Aeschyli
932 405 1076 476 Supplices
1097 424 1162 476 pars
1178 407 1274 459 altera.

303 581 425 652 „Ponto
445 578 537 637 iniicc
561 574 643 634 luem
663 574 759 649 nigris
780 574 919 633 transtris
937 581 1074 632 ornatam
1093 574 1201 652 procul
1216 594 1234 632 a
1250 575 1438 634 mulieribus.

301 665 485 764 Respiciens
505 661 662 740 antiquam
684 667 817 774 ιιριιιιιιιι
841 657 1295 758 dilectaetateprongcnitricis
1309 667 1439 736 gentem,

303 751 402 827 gentis
425 747 547 807 laudem
569 746 714 803 ιιιιιονιι.ι
717 743 877 802 ‘Primis
901 743 981 802 enim
1001 745 1159 822 sequentis
1179 744 1321 822 strophae
1338 743 1440 802 verbis

302 834 454 893 interdum
469 832 563 890 breve
580 827 706 908 aliquod
725 827 966 886 additamentum
982 828 1022 887 ad
1039 849 1091 901 ea,
1111 831 1239 908 quaein
1253 828 1439 888 anteceden-

301 918 382 978 tibus
397 925 482 989 sunt,
499 917 543 974 ita
562 914 750 986 continetur,
768 923 802 972 ut
817 912 936 972 verba
928 933 1052 991 insuper
1067 914 1173 973 addita
1187 915 1371 974 sententiam
1386 914 1438 972 ha-

301 1003 394 1061 beant
413 1003 527 1061 maiore
553 1018 620 1056 cum
643 998 675 1056 vi
695 997 889 1058 efferendam.
922 998 976 1058 Uti
992 999 1050 1057 hoc
1069 998 1137 1058 loco
1153 999 1249 1058 omnis
1265 997 1440 1057 Danaidum

300 1088 438 1166 precatio
454 1088 485 1146 in
502 1106 537 1145 eo
549 1083 685 1156 vertitur,
701 1091 734 1142 ut
745 1082 895 1164 Aegyptii
909 1087 1013 1158 procul
1027 1103 1046 1142 a
1061 1103 1094 1142 se
1106 1091 1328 1157 removeantur,
1345 1103 1440 1164 quan·

302 1174 446 1232 tamaius
471 1171 655 1247 fieritpotest
672 1169 813 1227 maxime.
847 1165 1159 1245 clangamus.

516 1278 635 1359 Φρασεν
652 1272 681 1341 d
697 1273 797 1355 ἆόζοις
813 1273 910 1362 πατὴρ
925 1275 988 1361 μετ’
1007 1277 1113 1364 cdxciv,

515 1369 613 1430 Δίκαν
630 1367 766 1447 χιμαίρας
781 1360 897 1448 ιιπερθε
912 1370 1016 1446 βωμοῦ

513 1452 657 1516 Πέπλοισι
670 1454 833 1550 περιπετῆ,
849 1451 938 1512 παντί
951 1455 1071 1552 θρμοῐ

515 1539 669 1620 Προνωπῆ
685 1527 820 1616 λαβεῖν’
802 1561 821 1597 α
824 1535 929 1638 ίρὸην,
944 1530 1087 1617 στόματός

514 1629 552 1685 Τε
568 1618 775 1726 καλλιπροίρον
789 1614 929 1700 φυλακὴν
947 1628 1103 1702 κατασχεῖν

513 1701 690 1788 Φθόγγον’
673 1712 780 1790 αραῖον
795 1707 905 1785 οἴκοις,

368 1815 439 1871 Στ.
458 1808 480 1870 ί.

413 1835 439 1892 ρ
512 1912 571 1972 Βία
586 1903 756 1989 χαλινῶνι’
773 1902 895 1996 αἰναιιδῳ
909 1909 999 1990 μένει.

304 2015 396 2094 Quod
410 2034 470 2074 vox
484 2009 569 2091 γένος
583 2023 630 2073 ter
648 2013 846 2094 repetiturv
812 2014 856 2094 (v.
849 2037 918 2096 ..sq
936 1995 1015 2072 δι’
991 2034 1028 2083 ας
1041 2030 1085 2071 τοι
1100 2007 1184 2090 γένος
1201 2001 1323 2086 ενχομαι
1336 2002 1439 2087 εἶναι),

303 2101 390 2160 nulla
407 2109 453 2159 ost
470 2099 603 2159 offensio
632 2101 700 2159 idae
720 2101 881 2160 verborum
901 2100 1100 2178 repetitiones
1119 2117 1220 2196 neque
1239 2115 1358 2174 semper
1372 2103 1442 2153 sunt

305 2185 499 2258 arbitrariae,
516 2185 652 2243 utWell.
671 2186 834 2260 existimat,
850 2206 951 2265 neque
966 2184 1081 2264 ubique
1098 2181 1214 2241 admitt
1193 2190 1216 2240 ιι
1231 2190 1367 2260 possunt,
1385 2180 1440 2239 sed

303 2273 360 2330 hoo
376 2272 444 2329 loco
461 2269 542 2328 idem
557 2270 740 2329 vocabulum
754 2274 840 2330 tanta
855 2292 922 2330 oum
933 2272 965 2328 vi
982 2268 1137 2347 repetitur,
1154 2266 1238 2346 qnod
1253 2267 1289 2324 in·
1300 2287 1337 2325 eo
1352 2266 1440 2346 quasi

304 2362 514 2434 argumentum
529 2364 684 2428 versatur,
701 2375 761 2434 quo
775 2357 858 2416 Iovis
874 2356 1023 2414 auxilium
1037 2354 1208 2432 implorant.

366 2457 420 2517 Vs.
436 2465 487 2519 542
504 2475 548 2535 sq.

509 2547 619 2618 Ἰοίπτει
636 2549 797 2656 βασιδος
818 2545 858 2615 δι’
881 2554 949 2628 αἴας

513 2643 696 2722 Μηλοβοτοιι
714 2641 847 2721 Φρυγίας
863 2634 1000 2720 tranant.

306 2748 491 2808 Coniectura
507 2745 646 2804 Turnebi
666 2735 762 2802 ἰάπτει
781 2731 809 2800 δ’
833 2731 964 2815 Ἀσίδος,
985 2751 1111 2822 recepta
1127 2741 1165 2801 ab
1188 2742 1352 2802 editoribus
1368 2750 1440 2805 ante

304 2833 534 2904 Wellauerum,
557 2829 596 2888 ad
617 2830 779 2908 sequentia
794 2837 967 2908 parum-est
982 2837 1063 2907 apta.
1098 2829 1252 2905 Hauptius
1272 2825 1373 2886 Φαοί
1379 2825 1396 2884 δ
1402 2846 1441 2901 ος

306 2917 454 2989 coniecit,
479 2913 562 2993 quod
581 2913 676 2972 habet
695 2913 791 2992 primo
814 2913 934 2986 obtutu,
955 2933 1015 2992 quo
1038 2911 1243 2973 commendari
1257 2913 1363 2992 possit.
1397 2913 1442 2973 At

306 3001 429 3060 obstant
447 3001 547 3079 plura.
580 2999 660 3058 Nam
681 2996 796 3058 Graeci
813 3018 848 3057 eo
862 2959 950 3057 modo
965 2999 1121 3060 fluminum
1136 2997 1307 3058 nominibus
1323 2996 1363 3054 ad
1380 3005 1440 3057 ter-

304 3106 355 3144 ras
378 3082 584 3163 designandas
604 3083 649 3142 nti
669 3103 730 3141 non
752 3083 867 3155 solent,
890 3103 998 3183 neque
1015 3087 1086 3161 γαῖα
1111 3081 1242 3154 Φασίδος
1262 3083 1442 3143 velsimilia

306 3170 456 3230 dicuntur.
494 3169 577 3228 Dein
606 3167 778 3245 asyndeton
806 3128 927 3267 (ὁρίζει.
955 3158 1065 3226 'leima
1088 3166 1174 3247 sqq.)
1197 3169 1357 3228 molestum
1383 3177 1440 3229 est.

304 3256 449 3335 Denique
466 3245 622 3313 ἰάπτειν
598 3273 663 3312 srne
684 3272 755 3311 casu
772 3254 927 3331 positum
918 3275 950 3312 m
965 3255 1167 3331 suspicionem
1182 3253 1317 3326 incurrit,
1336 3271 1440 3352 quam

305 3361 396 3419 quam
417 3339 448 3398 id
473 3337 597 3420 quidem
618 3338 747 3397 fortasse
772 3337 897 3397 defendi
923 3347 1018 3417 queat
1045 3338 1188 3416 exemplo
1209 3339 1298 3398 verbi
1319 3331 1441 3416 ίαιιλειν,

304 3425 381 3486 Hes
400 3425 521 3502 Theog.
536 3445 566 3483 v.
582 3431 641 3486 269

471 3529 688 3638 Ἠὕκόμονςθ’
703 3527 812 3616 Ἁρπιιί
810 3560 860 3614 ας,
877 3527 1024 3598 'Attiou'
1033 3527 1223 3640 ,Ὠκυπέτην
1239 3561 1270 3599 τε

471 3613 559 3728 Αἴρ’
582 3612 700 3701 αἰνίμοιν
716 3625 837 3706 πνοιῇσι
852 3620 904 3682 καί
919 3580 1071 3694 οἰωνοῖς”
1049 3614 1105 3721 αρ’
1126 3620 1247 3683 ἕπονται

473 3703 593 3794 Ὠκείρς
608 3724 797 3790 πτερνγεσσι
819 3700 1007 3788 μεταχρόνιαι
1021 3697 1077 3786 γὰρ
1097 3707 1233 3768 ἴαλλον.

306 3813 530 3887 Difficultates,
534 3831 622 3916 quas
638 3809 854 3886 indicavimus,
876 3812 1025 3872 tolluntur
1040 3813 1130 3870 unius
1145 3811 1284 3892 syllabae
1302 3820 1441 3890 transpo-

305 3899 425 3957 sitione.
454 3893 542 3956 Ριο’
530 3915 626 3954 ιαπτει
641 3887 730 3973 βασιδ
736 3916 776 3967 ος
792 3898 873 3956 enim
889 3895 1081 3958 scribendum
1096 3895 1232 3957 videtur.

514 3986 710 4054 'Icirccrad'u
686 4017 730 4066 ως
750 3987 861 4072 βασιν
884 3986 924 4054 δι’
940 3994 1010 4068 αἴας

517 4070 695 4154 Μηλοβὸιον
715 4080 849 4158 Φρυγίας
867 4072 1005 4157 circipani

202 4195 205 4202 '
307 4181 380 4256 „Ita
395 4179 450 4238 illa
465 4177 606 4254 (demens
622 4187 654 4238 et
672 4189 770 4238 oestro
787 4181 956 4257 exagitata)
979 4180 1105 4260 gradum
1121 4205 1176 4264 per
1190 4185 1358 4263 Phrygiam
1376 4203 1442 4241 cor-

306 4265 387 4344 ripit.
398 4267 415 4296 “

371 4367 543 4447 Sequuntur
557 4362 651 4423 haec:

516 4464 601 4548 Περρῖ
615 4460 647 4525 dl
666 4453 855 4549 Τεύθραντος
869 4455 943 4524 dccv
956 4466 1091 4542 Μυσῶν,
