3254 5304
322 423 382 486 178
682 427 724 480 De
741 427 930 496 interregibus
949 425 1089 494 Romania.

321 603 369 654 cst
380 593 472 672 igitur
491 612 592 672 neque
613 613 632 651 a
647 593 769 671 vulgari
786 613 887 673 neque
907 613 963 654 sna
982 594 1077 672 ipsius
1096 594 1239 672 opinione
1257 613 1459 668 recessurum,

320 681 380 740 nisi
398 688 513 738 certum
531 678 685 756 quendam
707 687 863 738 auctorem
882 687 1036 755 secutum;
1057 699 1159 759 neque
1178 679 1268 739 huius
1284 677 1459 758 discrepan-

320 767 383 824 tiae
396 765 528 824 futurum
543 763 636 841 plane
652 764 857 824 immemorem
872 763 983 838 fuisse,
1006 764 1067 824 nisi
1082 763 1179 824 obiter
1197 773 1228 824 et
1241 783 1350 844 parum
1363 764 1461 823 cousi·

323 850 427 910 derata
444 849 624 926 scripsisset.

386 935 436 993 Ex
458 935 495 992 iis
516 952 596 1012 quae
619 931 841 1011 disputavimus
868 951 970 992 corum
992 953 1071 1014 quae
1092 934 1202 994 Livius
1227 932 1266 993 de
1286 935 1460 1011 interregno

254 1087 257 1094 ¹
321 1018 416 1078 tradit
430 1019 641 1088 auctoritatem
657 1035 804 1076 summam
821 1036 888 1076 ease
904 1019 1099 1097 intelligitur.
1137 1017 1199 1096 Qui
1214 1039 1307 1099 quum
1322 1017 1461 1079 creandis

323 1103 526 1180 interregibus
549 1101 656 1162 decem
682 1101 822 1162 decurias
849 1112 880 1162 et
914 1103 1023 1163 decem
1046 1105 1202 1183 principes
1231 1105 1285 1184 qui
1315 1103 1461 1181 deinceps

321 1189 518 1266 regnaverint
532 1187 627 1247 fuisse
642 1186 764 1247 disertis
779 1186 882 1248 verbis
898 1197 1041 1263 testetur,
1058 1198 1197 1250 senatum
1215 1199 1318 1249 autem
1333 1209 1370 1248 eo
1387 1197 1461 1248 tem·

321 1293 395 1352 pore
409 1293 469 1332 non
482 1281 602 1332 centum
616 1281 737 1350 patrum
748 1270 804 1332 sed
819 1270 1018 1334 ducentorum
1030 1275 1124 1335 fuisse
1136 1275 1211 1334 satis
1223 1281 1352 1347 constet,
1369 1292 1461 1354 quae·

321 1359 409 1432 ritur,
426 1356 575 1438 quomodo
591 1358 683 1431 haec,
707 1376 787 1438 quae
802 1375 940 1436 pugnare
956 1358 1136 1432 videantur,
1157 1360 1316 1418 conciliari
1337 1367 1461 1438 queant.

321 1445 371 1502 De
387 1463 448 1524 qua
463 1463 496 1504 re
514 1443 689 1522 priusquam
703 1449 838 1502 nostram
852 1445 1035 1502 sententiam
1054 1463 1270 1521 proponamus,
1293 1444 1390 1503 satius
1406 1445 1464 1503 erit

321 1530 479 1588 rationem*
497 1549 516 1587 a
539 1527 708 1588 Niebuhrio
731 1527 837 1586 initam
865 1528 1057 1604 cognovisse.
1095 1529 1157 1604 Qui
1178 1547 1242 1586 rem
1265 1527 1462 1606 expedivisse

322 1613 603 1692 dubitationemqne
624 1613 776 1671 exemisse
796 1610 855 1670 sibi
877 1611 962 1670 visus
984 1621 1044 1685 est,
1069 1611 1193 1672 Sabinis
1216 1613 1351 1671 exclusis
1367 1613 1459 1670 iuter-

321 1719 448 1776 reguum
469 1695 508 1756 ad
530 1697 610 1754 solos
627 1697 762 1754 Ramnes
784 1696 969 1773 pertinuisse
988 1715 1043 1772 pro
1063 1705 1147 1756 certo
1169 1694 1348 1772 statuens¹).
1380 1693 1460 1755 Ocn-

321 1792 501 1842 sentaueum
527 1781 608 1838 enim
629 1797 698 1838 esse
718 1779 772 1838 hos
795 1779 946 1856 dignitate
962 1781 1166 1840 antecessisse
1183 1779 1319 1839 oriundis
1335 1799 1354 1838 a
1371 1778 1458 1838 Sabi·

321 1868 385 1942 nis;
402 1867 446 1924 uti
467 1872 569 1922 autem
584 1861 635 1920 vel
655 1870 777 1938 postero
791 1871 928 1942 tempore
944 1866 976 1924 in
992 1864 1130 1924 omnibus
1146 1865 1273 1924 coloniis
1288 1871 1320 1923 et
1332 1864 1459 1923 munici-

320 1952 380 2029 piis
400 1949 520 2009 Latinis
543 1946 652 2006 decem
671 1947 761 2024 primi
783 1950 902 2008 senatui
921 1951 1132 2026 praefuerint,
1153 1951 1197 2010 ita
1213 1950 1306 2009 etiam
1321 1949 1461 2007 Romano

320 2037 440 2095 senatui
453 2033 633 2112 praefuisse,
649 2032 825 2108 priusquam
840 2032 949 2092 Sabini
961 2036 1161 2106 accesseriut3
1183 2033 1293 2114 quibus
1308 2031 1460 2092 adiunctis

321 2121 391 2180 illos
409 2119 516 2179 decem
527 2126 629 2176 tamen
644 2116 850 2194 principatum
865 2117 1020 2195 quendam
1030 2121 1182 2195 tenuisse3
1206 2118 1238 2178 id
1254 2137 1404 2198 apparere
1422 2137 1461 2177 ex

320 2206 395 2264 locis
411 2205 589 2281 scriptorum
604 2199 758 2280 pluribus,
783 2200 892 2280 quibus
910 2204 1030 2260 senatui
1042 2205 1183 2264 Romano
1198 2223 1305 2281 regum
1321 2212 1351 2262 et
1364 2203 1461 2282 primo

320 2290 437 2349 liberae
450 2287 640 2366 reipublicae
656 2295 793 2362 tempore
807 2285 977 2363 praefuisse
990 2287 1042 2346 vel
1056 2287 1256 2348 innuerentur
1271 2288 1324 2347 vel
1340 2286 1461 2348 disertis

320 2374 421 2432 verbis
446 2371 649 2432 traderentur.
691 2367 775 2446 Quid
792 2371 885 2447 igitur
909 2371 1105 2430 verisimilius
1129 2391 1196 2431 esse
1228 2393 1319 2452 quam
1343 2371 1383 2431 ad
1405 2372 1461 2432 hos

321 2458 400 2518 solos
421 2459 629 2554 interregnum
647 2455 854 2533 pertinuisse?
882 2455 972 2513 Haec
988 2464 1036 2514 est
1052 2455 1216 2514 Niebnbrii
1234 2459 1402 2528 sententia,
1422 2455 1461 2516 de

321 2563 382 2624 qua
394 2541 625 2620 Goettlingius
617 2561 649 2598 m
663 2539 741 2598 libro
753 2538 792 2598 de
807 2538 881 2598 Ant.
896 2540 983 2598 Rom
999 2559 1030 2616 p.
1047 2547 1097 2602 152
1113 2548 1185 2618 etp
1201 2548 1252 2601 164
1268 2540 1301 2600 id
1314 2540 1462 2600 iudicium

320 2629 395 2704 fert,
419 2637 454 2687 ut
475 2626 583 2688 decem
600 2625 712 2703 primos
731 2623 763 2681 in
779 2631 867 2682 senat
867 2643 887 2681 u
855 2621 1134 2702 tfuisseprobet,
1160 2622 1264 2682 esolis
1279 2624 1424 2686 Latinis
1415 2646 1461 2684 m·

320 2721 458 2789 terreges
479 2713 574 2770 fuisse
592 2708 674 2767 idem
689 2705 848 2784 improbet.
878 2706 1053 2766 Verisimile
1073 2707 1154 2764 euim
1177 2725 1245 2765 esse
1269 2705 1376 2766 decem
1398 2711 1460 2784 pri·

320 2817 384 2856 mos
395 2815 456 2854 non
467 2795 565 2853 solum
580 2791 662 2868 apud
676 2790 730 2848 hos
745 2787 801 2846 sed
816 2790 908 2864 etiam
920 2788 1003 2868 apud
1015 2788 1145 2850 Sabinos
1161 2797 1192 2848 et
1202 2788 1338 2848 Luceres
1355 2790 1460 2866 fuisse,

322 2888 352 2938 et
369 2877 536 2953 interregni
550 2874 677 2934 orbem
669 2873 762 2930 ivisse
776 2891 831 2948 per
847 2891 960 2947 omnes,
979 2880 1008 2932 et
1023 2873 1201 2932 Latinorum
1217 2891 1284 2932 eam
1297 2892 1460 2950 praeroga·

320 2963 415 3020 tivam
436 2961 546 3030 fuisse,
567 2965 601 3016 ut
617 2954 782 3035 prodendis
806 2956 1008 3034 interregibus
1021 2956 1105 3016 ab''
1085 2977 1122 3016 ns
1138 2957 1258 3016 initium
1272 2957 1370 3016 fieret.
1397 2958 1461 3018 No-

320 3045 368 3104 bis
390 3063 470 3124 quae
492 3042 531 3102 de
560 3041 666 3102 decem
688 3040 792 3119 primis
813 3041 990 3102 existimant
1010 3039 1091 3102 falsa
1113 3060 1181 3101 esse
1204 3060 1383 3120 persuasum
1405 3053 1462 3104 est.

319 3128 487 3190 Videamus
510 3126 548 3186 de
571 3126 698 3203 singulis
719 3133 750 3186 et
770 3127 900 3206 primum
915 3125 1039 3206 quidem
1062 3125 1101 3186 de
1118 3125 1337 3227 locis,'quibus
1354 3124 1464 3188 decem

320 3215 368 3274 illi
383 3212 606 3274 commemorari
621 3217 775 3290 putantur.
808 3209 945 3289 Quorum
959 3211 1053 3290 longe
1067 3211 1265 3290 gravismmus
1288 3209 1371 3290 apud
1387 3213 1463 3273 Dio-

319 3299 442 3378 nysium
465 3299 577 3375 legitur
594 3295 632 3354 L.
649 3296 708 3370 VI,
725 3315 751 3354 c.
768 3304 803 3360 69
818 3316 886 3438 sqq.
877 3295 968 3372 .‚ubi
983 3295 1092 3356 decem
1106 3304 1280 3358 senatorum
1294 3295 1462 3376 principes,

319 3379 593 3458 οἱέιιιφανέσιαιοι
616 3379 677 3439 τῶν
700 3377 844 3458 egendorf
844 3401 921 3458 ριν,
949 3379 990 3440 ad
1010 3380 1148 3481 plebem,
1171 3400 1252 3461 quae
1275 3381 1307 3439 in
1327 3389 1463 3442 montem

319 3453 439 3530 sacrum
460 3474 645 3541 secesserat,
667 3467 752 3526 missu
743 3465 924 3541 'dicuntum
943 3467 1095 3526 orationes
1110 3476 1141 3528 et
1161 3466 1200 3526 ab
1214 3465 1262 3524 bis
1279 3473 1311 3524 et
1326 3485 1345 3524 a
1361 3465 1462 3543 plebis

320 3552 448 3614 ducibus
469 3551 593 3611 habitae
621 3549 1065 3627 satiaverbosereferuntu13
1089 3553 1141 3632 qui
1160 3558 1330 3630 postremus
1360 3569 1462 3610 eorum

318 3639 416 3700 verba
430 3639 505 3698 facit
516 3636 657 3732 Agrippa
670 3635 833 3695 Menenius
849 3654 875 3694 c.
888 3643 923 3699 34
936 3644 1006 3732 post
1019 3635 1095 3696 mult
1083 3644 1115 3694 ta
1130 3636 1192 3696 alia
1208 3635 1257 3695 his
1270 3635 1379 3694 utibn.
1401 3634 1462 3694 Τοῦ

319 3719 352 3784 δὲ
347 3721 467 3822 μένειν
481 3708 636 3798 βέβαια
605 3740 640 3778 ια
660 3711 889 3798 συγχωρούμενα
912 3719 970 3778 νῦν
991 3715 1042 3778 καὶ
1063 3710 1199 3796 μηδὲν”
1178 3732 1302 3820 ιισιερον
1325 3713 1461 3778 ἐναντίον

318 3797 421 3902 αὐτοῖς
435 3798 494 3868 bord
508 3805 569 3902 τῆς
574 3803 683 3904 βουλος
697 3799 955 3880 ἐξενεχθήσεσθαι,
973 3803 1092 3902 πρώιον
1109 3794 1192 3881 μὲν*
1178 3807 1264 3902 ημεῖς
1278 3803 1312 3862 οἱ
1306 3798 1463 3902 πρέσβεις

317 3877 414 3951 alvoldo
416 3912 482 3970 χοι,
504 3877 672 3960 daddcreg‘
652 3892 726 3987 υμῖν
746 3883 866 3966 σοι’μαια
888 3885 940 3947 καὶ
964 3877 1064 3964 ψυχας
1083 3885 1135 3947 aul
1156 3877 1259 3967 γενεὰς
1279 3876 1332 3960 τὰς
1348 3881 1462 3946 ἕιυιιῖν

320 3969 335 4030 ἒ
335 3971 456 4055 atquae·
484 3971 584 4032 ἔπειτα
598 3971 632 4032 οἱ
647 3963 732 4032 dun
739 3963 938 4072 coniectast
921 3985 983 4030 οσοι
1005 3994 1046 4053 τῳ
1035 3971 1232 4050 ψηφίσματι
1253 3965 1462 4070 oovryyoupq-

318 4071 428 4118 σουιαι.
461 4049 506 4116 Oi
516 4045 594 4155 γὰρ
603 4043 747 4130 ὄήιιοιΗ
731 4048 869 4116 αιόνιοιν
892 4046 980 4132 ἡμῶν
997 4031 1182 4134 ymercurt
1201 4079 1230 4118 ιι
1243 4046 1319 4116 acroi
1334 4077 1389 4116 τοι
1377 4048 1462 4154 dri-

319 4160 386 4234 μου.
404 4129 594 4239 *Olyoio‘
578 4158 786 4234 ηγουμενοι
814 4139 881 4200 rari
908 4139 1109 4214 συνεδρίου
1134 4137 1198 4202 aul
1223 4141 1369 4220 πρῶτοι
1397 4162 1463 4211 τας

318 4214 441 4286 corde
468 4217 617 4302 γνώμας
639 4210 952 4301 ἀποφαινόμενοι
973 4225 1033 4285 cciv
1055 4216 1184 4286 dituv‘
1168 4246 1256 4304 ημεις
1276 4222 1373 4302 ἐσμεν.
1402 4225 1460 4285 Ηίι

319 4311 423 4372 verbis
445 4309 551 4370 decem
572 4308 684 4386 primos
704 4308 872 4386 significari
895 4329 1035 4389 magnam
1052 4314 1190 4372 veritatis
1207 4312 1342 4391 speciem
1356 4309 1461 4370 babet.

392 4495 417 4562 1)
437 4499 469 4550 v.
489 4496 512 4561 1,
531 4513 556 4562 p.
575 4494 697 4561 araas.
719 4510 747 4562 p.
767 4493 818 4547 aas
832 4497 860 4546 et
879 4493 939 4548 oro.
