3254 5304
570 401 613 454 De
629 399 817 514 interregibus
831 399 972 454 Romanis.
1277 395 1336 456 175

205 570 256 625 λου
273 555 463 626 διακόσιοι
433 586 486 624 τον
507 553 638 660 ἀριθμὸν
658 584 756 639 οντες,
773 555 868 642 δι’ςιτερ
885 561 978 640 ἔφην,
999 556 1262 661 διενεμηθησαν
1234 582 1275 634 ε
1248 559 1337 622 λ-δε

204 646 346 749 κδδας·”
328 672 428 710 ειιειτα
444 640 715 750 διακληρωσάμενοι
730 653 792 719 τοῖς
808 649 938 746 λαχοῦσι
951 645 1022 708 δέκα
1038 642 1165 747 πρώτοις
1178 586 1337 750 διιέδδικαν

202 728 305 815 ἄρχειν
318 757 371 812 της
382 730 494 805 πολεας
508 755 564 835 την
576 753 779 833 αυτοκρατορα
799 722 904 838 δρχην.
920 722 1101 792 Ἐκεῖνοιδ’
1118 723 1172 809 οὐχ
1186 758 1205 792 α
1229 727 1336 792 unriu-

202 842 249 892 τες
264 818 451 900 ἐβασίλευον,
466 809 532 881 ἀλλ’
549 817 582 878 ἐκ
600 808 767 916 διαδοχῆς
752 815 862 895 ημὲρας
877 807 997 878 πλυτε“
980 833 1116 888 εκαστος,
1133 815 1166 876 ἕν
1181 727 1293 888 6669
1308 836 1338 875 τε

203 905 242 985 δα
234 897 335 1006 βδους
352 899 410 982 εἶχε
428 901 478 963 καὶ
497 895 533 962 r6
549 892 637 962 λοιιτδι
652 904 704 978 τῆς
719 899 919 1002 βασιλικῆςέξ
920 903 988 962 ονσλ
986 926 1021 974 ας
1035 895 1177 1005 σύμβολα.
1195 900 1336 999 μορεδί-

204 989 258 1048 dou
273 978 335 1048 6
323 1010 339 1048 ο
362 990 478 1087 πρῶτος
495 981 585 1067 δρξας
606 1008 647 1068 τῳ
636 978 837 1070 δευτέρῳ
804 1009 858 1064 την
873 977 1051 1066 ἡγεμονίαν,
1067 979 1204 1062 κδκεῑνος
1218 1009 1259 1068 τῳ
1248 985 1337 1064 τρί-

204 1095 271 1170 τῳ,
285 1070 337 1132 καὶ
357 1066 450 1133 rosal·
454 1070 572 1151 δγένετο
593 1071 696 1150 μέχρι
693 1072 755 1132 τοῦ
776 1073 958 1133 τελευταίου·
993 1065 1199 1148 διεξελθούσης
1225 1047 1257 1132 δὲ
1277 1074 1339 1140 τοῖς

206 1149 350 1259 πρώτοις
348 1156 419 1218 δέκα
432 1157 638 1256 βασιλεῦσι
600 1179 654 1233 της
669 1155 898 1262 πεντηκρνθημὲ
898 1178 951 1236 ρου
964 1153 1177 1257 apo6rpplag‘'
1160 1176 1253 1234 ετεροι
1268 1151 1339 1214 δέκα

205 1236 260 1318 τὴν
277 1230 372 1342 69666
392 1235 637 1320 παρελαμβανον,
652 1238 703 1301 καὶ
718 1261 778 1320 τιαρ
782 1231 928 1302 ’ἐκείνων
946 1227 1037 1313 αὖθις
1055 1233 1144 1302 litter.
1195 1239 1339 1320 Dionysii

205 1329 296 1427 igitur
317 1330 469 1388 sententia
490 1336 538 1388 est
564 1336 702 1387 senatum
718 1326 915 1388 ducentorum
929 1337 1050 1408 patrum
1067 1328 1099 1386 in
1117 1327 1228 1404 viginti
1246 1325 1337 1384 decu·

204 1415 266 1472 rias
281 1411 468 1492 descriptum
484 1413 679 1486 fuissepnon
696 1412 858 1489 singulos
849 1435 881 1472 1n
901 1415 1037 1491 singulas
1054 1411 1194 1472 decurias
1210 1418 1337 1483 (reatoS,

206 1497 260 1556 sed
277 1518 379 1556 omnes
397 1506 554 1558 senatores
576 1496 616 1555 ad
633 1499 840 1574 interregnum
856 1501 1039 1572 accessisse,
1062 1497 1144 1577 quod
1158 1518 1213 1576 per
1236 1516 1339 1554 omnes

205 1584 249 1641 ita
270 1583 302 1641 in
324 1581 427 1642 orbem
453 1583 562 1656 ivisse,
586 1590 620 1640 ut
642 1581 785 1642 decuriae
804 1583 944 1660 singulae
968 1584 1191 1664 quinquaginta
1213 1581 1338 1654 dierum,

205 1667 317 1744 singuli
330 1687 370 1727 ex
382 1665 513 1727 decuriis
528 1665 665 1747 quinque
680 1666 797 1726 dierum
808 1669 935 1746 inperio
950 1669 1128 1746 potirentur.
1159 1666 1247 1745 Quae
1262 1665 1340 1726 ratio

205 1760 238 1810 ut
253 1754 384 1830 apertior
405 1772 496 1832 quam
515 1752 648 1810 Liviana
668 1752 712 1810 ita
733 1771 840 1830 parum
859 1753 1027 1832 probabilis
1048 1762 1103 1813 est.
1142 1751 1235 1812 Cuius
1251 1751 1340 1832 quasi

206 1837 436 1896 Fundamentum
452 1845 506 1911 est,
523 1835 604 1914 quod
620 1843 768 1914 aequatur
784 1837 916 1914 dignitas
933 1847 964 1898 et
977 1838 1072 1898 honor
1087 1846 1270 1911 senatorum,
1286 1837 1339 1914 qui

206 1931 286 1980 sorte
302 1919 387 1980 ducti
406 1920 553 1998 deincps
574 1939 678 1980 omnes
697 1921 784 1980 nulla
804 1924 914 1982 aetatis
934 1925 1057 2000 generis
1078 1923 1198 1982 virtutis
1220 1922 1339 1982 ratione

207 2005 313 2080 habita
336 2005 375 2063 ad
396 2005 555 2085 imperinm
575 2003 735 2062 accedunt.
769 2006 838 2064 Hoc
865 2008 897 2064 in
917 2008 1056 2066 Romana
1080 2009 1205 2066 civitate
1225 2008 1340 2064 factum

206 2088 342 2167 putabis,
366 2108 445 2168 quae
469 2107 588 2166 semper
609 2088 781 2167 principum
800 2091 926 2167 imperio
948 2090 1073 2150 addicta
1094 2091 1173 2150 fuit?
1202 2091 1282 2150 Nam
1300 2109 1339 2148 ne

207 2182 327 2253 postero
342 2172 465 2252 quidem
479 2182 628 2251 tempore,
647 2192 707 2250 qno
723 2193 761 2233 ea
776 2183 857 2234 esset
873 2175 993 2254 imperii
1008 2176 1117 2250 forma,
1137 2195 1198 2255 qua
1213 2195 1269 2255 per
1287 2193 1339 2250 po·

208 2258 313 2337 pulum
328 2275 443 2317 summa
456 2277 557 2317 rerum
572 2266 739 2334 gereretur,
755 2268 878 2319 senatus
889 2280 1024 2340 unquam
1040 2259 1219 2340 aequandae
1235 2257 1339 2336 digna·

207 2343 299 2401 tionis
319 2341 472 2403 studiosus
497 2351 572 2402 erat.
607 2341 740 2402 Accedit
761 2344 824 2402 alia
845 2364 969 2420 caussa,
993 2365 1073 2425 quae
1087 2345 1230 2425 Dionysii
1248 2344 1339 2403 ratio·

207 2447 277 2486 nem
286 2447 393 2506 parum
406 2425 599 2508 probabilem
610 2446 678 2486 esse
695 2426 888 2488 demonstrat
908 2431 988 2490 Nam
999 2432 1025 2490 si
1040 2429 1237 2490 ducentorum
1251 2447 1339 2488 sena·

207 2521 305 2571 torum
326 2511 471 2591 deinceps
490 2532 546 2591 per
566 2513 675 2590 quinos
696 2511 826 2573 diest
781 2535 812 2572 1n
814 2522 988 2592 terregnum
1009 2515 1104 2574 fuisse
1119 2517 1229 2590 sumiS,
1250 2514 1339 2572 trium

208 2615 354 2656 annorum
373 2599 503 2674 spatium
526 2597 669 2671 efficitur,
692 2618 752 2678 quo
767 2597 846 2658 orbis
860 2619 915 2678 per
931 2619 1034 2659 omnes
1050 2601 1149 2660 iverit.
1180 2561 1339 2678 Quiaetim·

207 2683 285 2781 peri}
277 2681 448 2741 diuturnit
436 2691 483 2741 tas
497 2702 604 2761 parurn
621 2685 764 2742 convenit
777 2685 977 2761 magistratui,
987 2705 1046 2766 qur
1038 2683 1098 2743 ad
1112 2679 1206 2744 breve
1221 2693 1340 2760 tempus

207 2768 283 2825 sumi
306 2766 436 2828 solebat.
471 2767 582 2846 Neque
604 2765 637 2824 id
655 2767 698 2826 ita
717 2769 859 2828 eibusari
874 2777 991 2848 potest,
1014 2777 1047 2830 ut
1062 2770 1184 2829 minime
1199 2787 1347 2828 necessa·

206 2853 283 2910 rium
298 2853 393 2912 fuisse
405 2850 489 2911 dicas
510 2871 636 2928 regnum
653 2851 693 2910 ad
714 2853 823 2913 multos
837 2855 1014 2932 pervenire,
1037 2852 1116 2934 quod
1132 2853 1251 2914 etiamsi
1262 2853 1342 2911 intra

207 2937 406 3014 paucissimos
434 2936 613 3014 plerumque
645 2939 776 3012 steterit,
807 2947 909 2998 tamen
939 2938 1021 3018 qnod
1048 2947 1128 2999 sorte
1159 2938 1341 2998 ducerentur

195 3041 338 3100 ,aequum
353 3022 399 3078 ius
414 3022 545 3078 omnium
563 3020 667 3080 fuisse.
699 3023 780 3082 Nam
800 3024 899 3100 ipsum
917 3024 1100 3104 Dionysium
1121 3022 1159 3083 de
1179 3023 1266 3097 orbe,
1288 3023 1341 3100 qui

208 3125 263 3182 por
279 3125 381 3164 omnes
397 3105 502 3178 iverit,
527 3105 679 3181 cogitasse
698 3126 737 3166 ex
759 3106 861 3168 verbis
885 3109 951 3167 eins
965 3117 1107 3186 apparet,
1133 3109 1184 3187 qui
1201 3117 1341 3168 senatum

208 3189 336 3265 primum
355 3189 386 3246 in
407 3187 547 3248 decurias
569 3187 666 3247 dividi
688 3191 808 3250 solitum
829 3211 896 3252 esse
918 3193 1036 3266 scribit
1058 3193 1114 3250 has
1135 3191 1247 3252 deinde
1262 3201 1340 3252 sorte

209 3271 316 3332 ductas
338 3292 374 3331 ea
392 3271 489 3349 lege
482 3273 608 3350 imperio
628 3275 741 3352 petitas
764 3295 847 3349 esse,
875 3285 910 3336 ut
928 3286 1002 3354 post
1023 3278 1253 3356 quinquagenos
1275 3275 1341 3334 dies

208 3377 308 3417 novae
324 3355 467 3416 decuriae
482 3355 668 3436 cederent¹).
698 3356 781 3435 Quid
802 3361 939 3440 quaeris,
961 3369 1090 3438 apparet
1103 3362 1268 3458 Dionysio,
1289 3359 1342 3440 qui

208 3442 347 3500 Romana
362 3442 502 3500 instituta
522 3441 562 3500 ad
577 3440 762 3505 Graecorum
778 3465 913 3504 normam
929 3446 1082 3521 exigeret,
1105 3445 1234 3504 similem
1248 3445 1340 3502 inter-

207 3527 294 3603 regni
313 3527 463 3586 rationem
488 3524 679 3586 obversatam
701 3547 784 3602 esse,
811 3537 903 3608 atque
924 3530 955 3601 in
978 3529 1213 3588 Atheniensium
1235 3537 1343 3586 senatu

209 3610 376 3684 obtineret,
400 3611 431 3668 in
453 3630 512 3690 quo
533 3610 721 3672 alternarent
740 3622 905 3690 prytanea,
932 3633 970 3672 ex
992 3613 1102 3691 quibus
1120 3611 1243 3690 proedri
1258 3620 1342 3671 sorte

209 3695 408 3768 ducerentur,
431 3714 555 3772 quorum
575 3715 652 3754 unus
675 3705 707 3755 et
728 3699 850 3760 senatui
870 3697 1011 3757 universo
1033 3707 1064 3757 et
1085 3696 1190 3776 populi
1213 3696 1341 3755 comitiis

207 3789 373 3857 praeesset.
403 3777 512 3856 Qualis
532 3779 658 3839 ratioet
679 3781 717 3840 ab
738 3780 973 3860 instituta‘apud
987 3783 1138 3842 Romanos
1153 3780 1342 3858 reipublicae

209 3867 326 3925 ratione
343 3874 374 3925 et
389 3863 427 3923 ab
439 3865 506 3943 ipsa
517 3864 684 3942 interregni
698 3875 808 3926 natura
825 3867 975 3927 abhorret.
1006 3865 1095 3944 Quae
1107 3865 1133 3924 si
1142 3865 1341 3943 reputaveris,

209 3950 351 4030 Dionysii
366 3951 398 4008 in
417 3948 570 4023 omnibus,
585 3969 664 4028 quae
681 3950 700 4010 l.
716 3950 737 4010 l.
757 3950 795 4012 de
812 3952 984 4028 interregno
999 3951 1115 4025 tradat,
1131 3950 1342 4012 auctoritatem

214 4071 415 4086 u-

268 4130 307 4193 ·l)
328 4132 382 4184 Cur
404 4151 458 4184 non
483 4135 632 4200 interreges
656 4135 711 4200 ipsi
731 4135 826 4187 statim
851 4139 926 4188 sorte
948 4136 1051 4190 ducant
1053 4153 1085 4188 ur
1107 4153 1141 4188 ex
1160 4135 1341 4199 senatoribus,

211 4199 259 4248 sod
287 4201 362 4262 prius
387 4203 512 4254 decuriae
536 4204 620 4266 fiant,
650 4203 679 4254 in
701 4207 808 4256 ratione
831 4206 961 4271 Dionysii
990 4223 1090 4258 caussa
1117 4206 1192 4258 nulla
1217 4211 1341 4270 apparot.

211 4267 301 4317 Verba
327 4270 385 4318 eins
405 4265 437 4319 ολ
461 4267 705 4337 καταγραφέντες·
693 4270 924 4340 διενεμήθησαν
948 4271 988 4333 εἰς
1011 4268 1133 4332 δεκάδας
1156 4290 1211 4326 non
1229 4279 1343 4338 possunt

210 4337 294 4386 verti·
319 4337 392 4387 divisi
415 4348 502 4402 erant,
528 4345 559 4390 ut
583 4342 711 4407 Dionysii
734 4345 872 4396 sententia
891 4345 941 4407 sit,
961 4350 1086 4396 senatum
1105 4347 1160 4393 iarn
1176 4347 1240 4392 ante
1258 4345 1343 4392 inter-

211 4405 364 4523 regnumein
383 4405 508 4458 decurias
525 4409 644 4461 divisum
661 4411 756 4464 fuisse.
788 4412 900 4464 Falsum
918 4415 988 4464 enim
1012 4414 1064 4464 hoe
1084 4427 1143 4462 esse
1162 4410 1283 4460 ostendit
1301 4426 1342 4460 se-

212 4489 297 4538 quens
331 4486 420 4524 πειτα.
