3230 5308
535 392 691 460 apartibus
707 392 782 446 cbcri
796 395 924 448 cantatis.
1272 396 1291 456 5

160 564 224 628 ret,
250 555 306 616 sed
327 557 450 616 chorum
472 557 605 636 intelligi
625 557 803 636 comprobat
825 562 955 622 nuncius
977 561 1086 624 eadem
1108 565 1192 623 chori
1210 584 1289 623 com-

159 641 328 720 pcllatione
345 663 432 702 usus:

224 741 261 800 V.
279 749 340 804 253
358 730 459 815 Ὅμως
475 727 536 796 δ”
520 732 639 842 ανάγκω
652 740 714 799 πάν
729 729 896 842 ἀναπτύξαι
912 736 1028 818 πάθος,

359 821 519 922 Πέρσαι,
536 817 658 901 στρατὸς
671 815 729 923 γάρ
742 825 800 896 πάς
798 818 907 886 ὅλωλε
920 822 1089 928 βαρβάρων.

224 908 263 969 λλ.
275 917 336 971 264.
359 905 418 966 Καὶ
433 928 493 985 μην
508 902 612 1006 παρών
627 929 680 1010 γε
675 898 731 968 κοά
747 904 852 989 λόγους
866 901 964 970 άλλων
978 908 1091 986 κλάων,

359 990 519 1067 Πέρσαι,
536 985 680 1071 φράσαιμ’
694 988 743 1055 tio.

221 1090 285 1152 Sed
302 1092 384 1171 qnod
398 1093 492 1171 vulgo
514 1093 593 1153 arbit
581 1104 714 1169 trantur,
734 1096 781 1154 his
796 1097 848 1155 vel
865 1097 1029 1176 compellat
1017 1094 1151 1155 tionibus
1169 1095 1221 1154 vel
1237 1115 1289 1154 ex·

158 1177 381 1236 hortationibus
401 1180 560 1238 universos
581 1180 742 1240 choreutas
760 1201 793 1240 sc
817 1182 949 1240 invicem
973 1183 1121 1240 allocutos
1146 1200 1226 1254 csse,
1254 1201 1292 1238 ca

159 1262 238 1319 ratio
255 1269 286 1320 et
299 1263 403 1321 nescio
416 1284 454 1321 an
467 1265 588 1323 omnino
603 1265 641 1323 ab
656 1267 848 1345 antiquorum
861 1267 1057 1345 simplicitate
1071 1266 1174 1324 aliena
1189 1266 1243 1337 sit,
1260 1273 1292 1323 et

160 1347 234 1404 satis
246 1347 406 1422 refellitur,
416 1347 499 1427 quod
512 1368 567 1408 eae
582 1351 832 1428 compellationes
844 1353 928 1410 chori
940 1360 1058 1410 tantum
1065 1351 1097 1408 in
1106 1349 1290 1408 carminibus

159 1431 366 1509 reperiuntur,
379 1453 459 1512 quae
474 1453 493 1491 a
511 1434 602 1493 choro
616 1454 680 1494 ηοω
697 1437 742 1494 int
744 1457 816 1514 egro
836 1445 959 1496 cantata
974 1456 1041 1496 esse
1059 1435 1139 1494 aliae
1155 1436 1290 1494 rationes

159 1517 358 1593 gravissimae
373 1517 531 1593 docents
523 1540 554 1577 m
579 1519 762 1580 carminibus
781 1530 929 1620 apapaest
931 1522 985 1580 icis
996 1517 1033 1597 ¹,l
1051 1517 1289 1596 dochmiacis²),

160 1600 296 1679 epodicis
303 1598 338 1680 ⁸),
350 1611 380 1661 et
395 1603 425 1662 in
430 1565 613 1703 systematis
628 1624 666 1663 ex
677 1625 728 1665 vv
742 1605 849 1664 ionicis
867 1626 885 1664 a
900 1607 970 1667 min.
977 1600 1062 1683 ⁴.)-
1020 1604 1163 1662 —Plura
1174 1603 1289 1662 indicia

158 1687 285 1745 insunt
276 1707 307 1744 m
330 1689 467 1763 commis,
490 1690 543 1769 qui
561 1689 711 1790 strophas·
722 1699 769 1750 art
757 1691 885 1750 tificiosc
903 1690 1075 1770 implicatas
1097 1688 1228 1763 habent,
1251 1687 1289 1748 dc

159 1770 269 1852 quibus
285 1771 346 1830 alio
358 1773 427 1833 loco
442 1772 574 1851 dicatur3
594 1777 712 1833 numeri
728 1777 809 1835 enim
825 1795 928 1835 eorum
941 1796 1005 1834 non
1021 1781 1092 1833 sunt
1108 1735 1286 1833 dochmiaci.

220 1854 311 1932 Quod
327 1858 359 1915 in
375 1857 520 1916 diverbiis
539 1859 653 1917 factum
666 1859 820 1934 videmur,
838 1869 921 1920 certo
938 1859 1044 1918 ordine
1056 1858 1144 1917 binos
1159 1859 1211 1917 vel
1226 1859 1288 1917 sin-

157 1941 244 2019 gulos
261 1961 328 2000 esse
350 1942 540 2020 loquentium
560 1964 680 2018 versus,
703 1945 758 2004 sed
779 1947 805 2004 si
826 1945 1034 2004 vehementior
1055 1944 1096 2001 sit
1120 1944 1215 2001 oratio
1237 1942 1290 2000 vcl

158 2025 294 2101 singulos
307 2044 419 2086 'versus
441 2025 549 2085 divelli
570 2036 601 2086 et
625 2029 885 2107 interloquentes
908 2026 1062 2100 distribui,
1083 2026 1191 2084 eadem
1212 2027 1290 2084 ratio

159 2118 205 2168 est
225 2111 406 2183 carminum,
423 2129 503 2186 quae
519 2131 536 2167 a
551 2111 642 2168 choro
657 2132 720 2169 non
734 2113 854 2188 integro
870 2119 1032 2184 canuntur,
1049 2129 1177 2188 quorum
1192 2110 1290 2167 altera

158 2195 202 2253 ita
218 2201 393 2269 comparata
414 2201 498 2264 sunt,
523 2202 557 2251 ut
578 2203 718 2252 cantores
743 2195 878 2272 singulas
893 2194 1032 2273 strophas
1048 2193 1107 2252 sibi
1121 2191 1289 2266 vindicent,

159 2279 191 2336 in
207 2277 310 2335 alteris
331 2285 417 2334 tanta
435 2286 482 2336 est
496 2280 655 2337 commotio
671 2287 762 2358 atque
784 2278 963 2356 trepidatio,
984 2287 1019 2337 ut
1039 2279 1123 2358 ipsae
1145 2278 1289 2356 strophae

158 2363 237 2421 inter
257 2362 361 2440 plures
383 2362 541 2422 choreutas
564 2362 748 2424 dividantur.
778 2365 888 2422 Mirum
902 2385 963 2423 non
986 2372 1032 2422 est
1054 2361 1092 2422 de
1112 2363 1160 2422 his
1182 2364 1288 2422 carmi·

157 2448 247 2506 nibus
262 2447 358 2524 magis
376 2455 530 2520 constare,
547 2447 689 2527 quamde
704 2449 776 2510 illis.
808 2449 877 2526 Quo
892 2449 973 2507 enim
986 2449 1082 2517 maior
1098 2457 1144 2507 est
1159 2468 1287 2506 commo-

157 2533 215 2604 tio,
231 2552 291 2610 ωηο
305 2531 445 2591 breviora
461 2541 531 2591 sunt
549 2541 713 2608 commata,
735 2554 770 2592 eo
792 2534 882 2612 plura
902 2541 1036 2591 mutatae
1053 2553 1204 2611 personae
1219 2541 1290 2591 sunt

157 2615 287 2688 indicia3
304 2626 408 2676 contra
425 2618 451 2676 si
469 2619 613 2677 orationis
634 2618 703 2676 finis
721 2638 840 2696 semper
857 2638 924 2675 cum
939 2616 1129 2694 stropharum
1143 2616 1203 2674 fine
1221 2636 1290 2674 con-

157 2703 286 2775 sentiat,
315 2721 443 2761 neccssc
475 2712 521 2762 est
551 2705 642 2762 etiam
669 2705 836 2762 sententias
864 2723 900 2762 eo
920 2700 1027 2760 ordine
1055 2700 1172 2760 absolvi
1196 2707 1288 2779 atque

156 2808 253 2846 novas
275 2787 426 2846 introduci
434 2808 518 2867 ,quo
538 2787 575 2847 de
596 2789 719 2846 mutatis
740 2788 877 2866 personis
897 2806 966 2844 raro
984 2786 1079 2844 liceat
1094 2784 1287 2844 concludere.

157 2871 350 2951 Quamquam
369 2874 517 2931 nonnulla
533 2874 667 2931 carmina
685 2892 722 2931 ea
739 2873 855 2931 indicia
869 2871 1000 2946 habent,
1021 2870 1130 2950 quibus
1149 2878 1288 2930 cantores

158 2978 225 3015 cum
244 2957 373 3036 strophis
388 2959 498 3016 mutari
510 2957 597 3016 nulla
610 2958 800 3037 relinquatur
817 2957 935 3015 dubitat
890 2957 976 3016 tatio

220 3041 257 3099 In
276 3042 385 3120 Suppl.
410 3041 481 3101 inde
504 3062 569 3102 av,
587 3050 640 3105 634
655 3062 777 3101 carmen
794 3052 853 3116 est,
875 3061 934 3121 qno
953 3038 1112 3100 Danaides
1126 3040 1233 3098 nuntio
1249 3036 1304 3097 de'

158 3127 273 3184 auxilio
281 3146 364 3205 ,quo
380 3125 512 3205 Argivi'
504 3147 585 3228 1psas
604 3128 710 3186 tuituri
726 3129 786 3186 sint
792 3134 948 3203 ,accepto
964 3126 1000 3183 iis
1018 3125 1132 3204 optima
1147 3143 1288 3203 quaeque

156 3213 234 3269 tanti
251 3210 393 3270 benefitii
405 3214 542 3289 praemia
557 3232 575 3270 a
592 3213 661 3271 Diis
677 3174 851 3290 precanlur.
883 3209 1032 3269 Numeri
1023 3229 1055 3266 m
1070 3228 1150 3267 omni
1141 3209 1289 3287 stropha

157 3295 308 3372 incipiunt
329 3294 498 3354 dochmiaci
505 3296 641 3374 ,quibus
656 3295 858 3355 subiiciuntur
875 3295 992 3373 aliquot
1009 3313 1116 3352 versus
1132 3292 1286 3392 glyconei.

157 3380 195 3437 In
218 3397 253 3436 eo
270 3379 403 3436 carmine
421 3388 466 3438 tot
487 3389 518 3438 et
538 3389 605 3439 tant
607 3400 643 3438 aa
663 3380 830 3439 earundem
851 3379 1070 3438 sententiarum
1089 3378 1288 3475 repetitiones

158 3463 317 3540 reperiunt
318 3483 368 3535 ur,
389 3471 423 3520 ut
439 3484 539 3541 paene
555 3466 663 3523 mirum
681 3466 720 3524 sit
740 3465 893 3524 neminem
914 3465 1112 3541 interpretum
1132 3463 1163 3518 in
1184 3461 1221 3518 iis
1242 3461 1288 3517 of

157 3547 304 3608 fendisse.
327 3545 375 3606 Of.
393 3549 473 3605 enim

220 3650 259 3711 V
274 3659 336 3712 635
352 3650 384 3706 in
400 3657 451 3708 str
467 3668 502 3704 α.
537 3638 664 3722 Μήποτε
678 3633 893 3724 πυρίφατον
862 3665 916 3703 ταν
931 3629 1090 3720 Πελασγάν
1105 3587 1191 3700 πόλιν
1199 3640 1223 3719 ⁵)

227 3900 253 3965 1)
272 3903 305 3951 V
325 3902 400 3951 Pers
417 3916 443 3951 v
466 3897 729 3962 137 0hoep1rv
746 3897 806 3948 714.
835 3894 931 3960 Suppl.
949 3907 976 3946 v
996 3894 1055 3946 628
1084 3895 1162 3944 Eum.
1181 3910 1206 3944 v
1224 3893 1284 3946 303

157 3969 235 4034 2)v
254 3971 333 4019 Eum
352 3987 378 4021 v
398 3969 456 4021 138
473 3986 500 4020 v
516 3969 575 4020 250
603 3969 679 4032 Sept.
700 3984 723 4017 c.
743 3967 794 4017 Th.
814 3983 841 4017 v
861 3965 904 4017 96.
932 3966 1008 4016 Pers
1027 3980 1054 4014 ν
1076 3964 1136 4015 256
1208 3962 1284 4027 3)v

158 4038 232 4102 Sept.
254 4056 278 4088 c.
298 4039 349 4090 Tb
371 4055 397 4089 v
418 4038 478 4090 839.
538 4035 566 4101 4)
585 4041 618 4088 V
639 4036 734 4102 Suppl
751 4053 778 4087 v.
800 4035 876 4086 1019.
899 4035 974 4086 1024.
1038 4031 1065 4097 5)
1086 4025 1147 4081 Τάν
1165 4049 1213 4097 qur
1230 4049 1285 4082 me

157 4109 195 4155 tri
215 4123 314 4158 caussa
337 4109 499 4158 eiiciendum
516 4111 643 4170 censent,
675 4122 730 4156 ηοη
749 4105 879 4156 viderunt
910 4102 1153 4166 antistropbicum,
1180 4103 1208 4152 in
1233 4117 1285 4167 quo

159 4191 254 4226 sensus
272 4177 363 4226 nullus
382 4181 424 4227 est
431 4178 643 4257 ,cqrrigendum
660 4192 729 4226 esse
767 4176 822 4236 Qui
838 4190 899 4224 cum
919 4175 948 4222 in
963 4172 1041 4224 codd
1061 4172 1183 4236 legatur.
1211 4173 1285 4220 Δῖον

158 4234 332 4321 ἐπιδόμενοι
340 4238 486 4326 πράκτορά
503 4261 531 4295 τε
553 4237 679 4326 σκοπόν,
700 4244 860 4296 scribendus
880 4260 939 4293 esse
955 4243 1032 4293 videt
1034 4257 1078 4291 ur:
1099 4241 1172 4290 Δῖον
1190 4230 1285 4288 ἐπιδό-

159 4325 241 4377 μενοι
265 4303 433 4376 πράκτορ’
459 4305 547 4378 tvm
570 4309 687 4364 κότον.
723 4315 766 4364 De
786 4314 892 4363 duobus
915 4313 1027 4364 creticis
1052 4311 1184 4361 intervv
1203 4305 1285 4356 doch-

159 4383 263 4432 miacos
283 4396 365 4444 saepe
384 4382 492 4433 insertis
508 4385 543 4433 cf
565 4384 648 4434 Seidl
667 4383 700 4432 de
717 4399 762 4432 vv.
782 4383 887 4432 dochm
908 4398 934 4445 p.
955 4381 1014 4430 120.
1044 4381 1136 4430 Herm
1150 4376 1192 4425 El.
1205 4378 1282 4423 metr.

160 4469 186 4518 p
207 4451 267 4503 268
304 4450 372 4498 Post
393 4451 507 4512 primum
524 4451 629 4502 dochm.
654 4451 750 4501 statim
774 4453 931 4502 inseruntur
949 4450 1027 4499 Eum
1045 4464 1072 4497 v.
1092 4446 1151 4496 250
1188 4449 1212 4492 A
1229 4444 1285 4490 Da-
