3230 5308
313 407 351 464 14
603 383 610 399 ⁸
681 409 722 460 De
737 406 903 460 carminibus
920 405 1081 472 Aeschyleis

312 591 475 630 conversus
497 572 551 643 sit,
574 571 701 648 primum
718 569 889 642 Electram,
911 589 982 627 mox
997 578 1091 628 totum
1107 569 1231 627 chorum
1246 570 1441 646 gravissimas

310 677 419 735 preces
441 664 593 735 repetere.
625 655 738 714 Verum
761 663 885 712 caetera
907 675 969 714 non
990 654 1028 714 ab
1046 655 1189 712 universo
1205 653 1298 714 choro
1320 663 1442 714 cantata

311 762 379 801 esse
400 741 508 800 eadem
529 740 623 798 verba
643 737 788 816 probant,
810 759 889 818 qnae
908 737 1063 798 addidisse
1078 760 1200 818 prorsus
1216 740 1349 799 alionum
1368 741 1440 799 fnis-

311 836 372 900 set,
397 827 456 885 nisi
477 827 569 885 totius
594 823 676 882 chori
697 823 797 882 medio
814 825 846 883 in
863 844 977 882 commo
993 825 1126 883 cantatio
1144 833 1175 882 et
1195 833 1441 902 praetermorem

310 913 411 985 fieret,
438 920 469 970 et
489 911 520 968 in
540 909 682 989 reliquia,
712 929 791 988 quae
813 909 844 967 in
868 909 925 968 hoc
949 929 1064 968 commo
1085 918 1167 984 sunt,
1199 909 1283 968 chori
1303 911 1440 990 partibus

310 998 393 1054 facta
413 1016 473 1054 non
494 1003 584 1054 esset.
617 995 654 1052 In
673 993 734 1052 fine
758 995 865 1053 commi
885 994 1041 1052 insolitum
1063 1003 1110 1052 est
1138 994 1261 1053 chorum
1283 1002 1345 1055 tres
1367 1005 1441 1054 stro·

308 1081 385 1160 phas
402 1082 561 1139 continuas
581 1078 696 1138 habere
716 1080 833 1137 antistr.
850 1071 898 1148 θ’,
920 1087 971 1138 str.
990 1079 1048 1137 let
1063 1079 1178 1138 antistr.
1196 1078 1216 1138 ί.
1248 1077 1316 1156 Quo
1335 1081 1442 1140 offensi

308 1166 448 1225 nonnulli
466 1167 599 1237 fuerunt,
615 1165 668 1244 qui
678 1172 729 1222 str.
743 1163 756 1220 ί
768 1165 848 1221 inter
862 1163 1019 1222 Electram
1030 1172 1060 1222 et
1071 1163 1201 1237 chorum,
1218 1167 1334 1224 autistr.
1343 1165 1357 1223 l
1363 1167 1442 1224 inter

311 1251 451 1311 Orestem
464 1259 494 1308 et
509 1250 633 1308 chorum
647 1247 830 1307 dividerent.
845 1249 911 1307 Imo
925 1269 998 1308 vero
1010 1249 1068 1306 hcc
1081 1258 1290 1326 argumentum
1304 1259 1349 1308 est
1364 1251 1441 1309 alias

310 1336 451 1414 strophas
466 1335 542 1393 alios
559 1341 700 1392 cantores
715 1332 876 1406 habuisse,
900 1354 960 1414 quo
981 1343 1071 1413 pacto
1095 1335 1190 1392 omnis
1213 1335 1339 1394 offensio
1359 1337 1439 1394 tolli·

311 1431 370 1480 tur.
401 1421 514 1478 Mutari
540 1419 620 1478 enim
636 1416 775 1476 codicum
793 1417 1027 1496 descriptionem
1047 1419 1244 1499 aequalitatis
1267 1419 1318 1478 lex
1340 1429 1438 1496 vetat3

309 1527 379 1565 nam
394 1514 516 1584 praeter
532 1513 584 1562 str.
603 1512 635 1562 et
650 1503 767 1561 antistr.
784 1493 832 1577 θ’,
855 1523 934 1582 quae
956 1502 1074 1562 divisae
1098 1513 1168 1563 sunt
1189 1505 1269 1563 inter
1291 1503 1440 1579 Orestem,

311 1592 468 1650 Electram
484 1599 514 1648 et
529 1590 651 1647 chorum
667 1588 859 1662 universum,
882 1608 938 1648 sex
954 1597 1102 1647 commata
1118 1586 1293 1669 Orestes¹),
1315 1590 1442 1649 totidem

310 1677 453 1750 Electra,
472 1674 599 1735 totidem
615 1675 777 1732 choreutae
791 1673 916 1732 habent.

835 1842 864 1919 a.
883 1845 911 1902 7.

575 1941 609 1997 ue
626 1941 678 1998 allls
697 1943 786 1996 ludlclts
805 1940 924 1996 nonnullis
942 1940 1034 1996 levlurls
1050 1944 1167 1996 mamerti.

373 2049 501 2111 Praeter
523 2050 653 2126 indicia,
681 2050 719 2108 de
746 2050 856 2130 quibus
879 2049 1076 2124 dictumest,
1103 2050 1250 2110 nonnulla
1273 2059 1342 2109 sunt
1368 2049 1439 2124 alia,

310 2157 389 2217 quae
409 2157 476 2196 cum
496 2137 624 2194 multum
645 2137 763 2196 faciant
784 2135 823 2194 ad
843 2137 1047 2216 suspicionem
1072 2135 1109 2195 de
1134 2137 1225 2196 choro
1244 2157 1305 2194 non
1322 2137 1440 2214 integro

310 2231 438 2281 canente
455 2221 491 2300 ob
508 2222 585 2280 alias
598 2241 722 2282 caussas
731 2229 834 2280 natam
848 2219 1096 2295 confirmandam,
1111 2229 1214 2280 tamen
1228 2242 1289 2280 non
1305 2222 1348 2278 ita
1358 2229 1441 2279 certa

309 2316 393 2380 sunt,
408 2315 443 2364 ut
456 2307 517 2364 nisi
528 2316 707 2384 argumenta
719 2305 781 2364 alia
796 2307 991 2382 accesserint,
1007 2307 1088 2364 omni
1100 2305 1289 2366 dubitatione
1306 2315 1439 2365 careant.

308 2393 356 2450 Eo
381 2392 510 2469 primum
535 2392 669 2470 pertinet
691 2391 859 2470 analepsis,
883 2411 944 2471 qua
963 2390 1059 2450 verba
1077 2391 1218 2450 carminis
1240 2389 1347 2450 eadem
1371 2393 1440 2450 aliis

284 2477 477 2536 ‘interiectis
497 2485 684 2554 repetuntur.
722 2475 833 2555 Neque
853 2477 933 2534 enim
955 2476 1121 2536 verisimile
1143 2485 1190 2536 est
1212 2476 1318 2536 eadem
1341 2484 1440 2536 atoto

310 2563 402 2621 choro
421 2560 467 2620 bis
491 2559 602 2641 cani’).
634 2560 764 2620 Carmen
783 2559 866 2640 quod
885 2580 922 2620 ea
938 2561 1057 2620 ratione
1075 2569 1168 2620 totum
1183 2570 1354 2642 repetatur,
1372 2571 1438 2620 tan-

307 2645 459 2708 tummodo
473 2666 566 2705 unum
582 2655 683 2708 exstat
698 2648 788 2705 Eum.
804 2667 834 2703 v.
850 2653 902 2709 769
916 2667 993 2727 sqq.,
1011 2643 1048 2703 de
1065 2666 1124 2725 quo
1135 2647 1267 2706 numeris
1286 2645 1438 2706 dochmia-

310 2735 352 2792 eis
369 2731 550 2790 decurrente
564 2752 656 2810 supra
671 2732 816 2790 monitum
832 2739 887 2789 cst.
918 2731 1049 2810 Saepius
1065 2731 1257 2806 factumest,
1274 2739 1307 2790 ut
1322 2740 1440 2792 tantum

308 2817 453 2898 postremi
473 2836 579 2876 versus
601 2817 742 2896 strophae
764 2823 794 2873 et
816 2818 933 2875 antistr.
951 2815 1042 2874 iidem
1063 2816 1138 2890 sint,
1161 2837 1240 2898 quae
1260 2816 1393 2876 carmina
1408 2827 1441 2876 et

309 2904 377 2980 ipsa
399 2900 579 2980 plerumque
599 2923 650 2960 vv.
673 2900 866 2960 dochmiaccs
885 2898 1044 2979 habent³),
1068 2902 1120 2960 vel
1141 2901 1180 2960 ad
1199 2923 1328 2961 commos
1342 2903 1438 2980 perti·

308 2994 396 3058 nent,
419 3005 545 3064 quorum
567 2985 787 3065 antistrophica
807 2986 970 3046 artificioso
993 2984 1098 3045 ordine
1122 2988 1305 3064 complicata
1324 2984 1436 3065 sunt⁴).

309 3069 406 3128 Dubii
427 3070 639 3149 relinquuntur
660 3092 711 3130 vv.
732 3071 822 3130 Eum.
838 3079 981 3134 aul-29
1001 3079 1031 3130 et
1053 3079 1208 3146 aab—41,
1230 3091 1288 3152 quo
1306 3073 1438 3130 carmine

310 3175 402 3234 quum
417 3155 611 3214 manifestum
625 3157 665 3214 sit
681 3164 801 3214 cantum
818 3175 884 3213 cum
900 3155 1064 3216 saltatione
1082 3157 1217 3216 iunctum
1233 3157 1343 3232 fuisse,
1371 3176 1439 3215 cam

308 3240 348 3298 ad
363 3259 483 3312 versus,
506 3241 559 3319 qni
579 3249 772 3320 repetuntur,
794 3239 951 3320 aliquanto
972 3239 1229 3301 vehementiorem
1245 3249 1276 3301 et
1292 3241 1439 3300 acriorem

306 3325 402 3384 fuisse
417 3325 578 3384 enumeris
593 3326 783 3402 intelligitur.

369 3409 400 3468 A
416 3404 507 3467 cantu
528 3410 619 3468 totius
641 3411 724 3468 chori
737 3407 913 3488 tragoediae
930 3409 1045 3488 pariter
1061 3411 1180 3470 initium
1195 3419 1226 3470 et
1244 3411 1313 3469 finis
1328 3410 1437 3469 abhor-

306 3496 403 3555 ruisse
430 3493 582 3553 videntur.
622 3495 753 3554 Ineunte
780 3495 861 3553 enim
883 3491 989 3552 fabula
1015 3494 1097 3574 apud
1121 3495 1235 3556 Aesch.
1258 3495 1438 3574 plerumque

307 3582 420 3640 factum
441 3578 595 3651 videmus,
618 3589 652 3640 nt
666 3589 788 3660 praeter
804 3587 987 3657 anapaestos
1010 3580 1175 3660 coryphaei
1196 3588 1267 3640 ante
1289 3579 1438 3659 paredum

308 3686 428 3726 carmen
450 3674 531 3724 esset
552 3665 726 3746 apartibus
748 3665 830 3723 chori
848 3671 1018 3739 cantatum,
1046 3665 1077 3722 in
1092 3664 1152 3742 Ag.
1175 3674 1205 3724 et
1220 3663 1356 3743 Ohoeph.
1372 3685 1438 3723 car-

306 3752 388 3808 mina
406 3750 552 3830 epodica,
577 3751 609 3809 in
628 3751 734 3810 Persis
752 3769 873 3808 carmen
895 3747 1096 3823 mesodicum,
1120 3750 1150 3807 in
1174 3750 1275 3808 Prom.
1295 3769 1436 3823 commus,

307 3836 338 3898 iu
353 3835 441 3894 Eum.
461 3843 491 3892 et
506 3834 591 3913 Sept.
610 3831 743 3893 carmina
758 3853 777 3892 a
790 3832 917 3910 singulis
936 3841 1068 3892 cantata.
1096 3833 1134 3892 In
1152 3833 1259 3914 Suppl.
1277 3835 1437 3912 anapaesti

309 3927 390 3977 certe
407 3918 494 3977 multi
507 3920 666 3997 praemissi
688 3926 768 3978 sunt.
797 3918 918 3976 Eicitur
932 3916 1092 3994 tragoedia
1106 3918 1286 4000 plerumque
1302 3933 1434 3998 anapae-

377 4132 403 4197 1)
422 4133 538 4184 Antistia
551 4125 577 4193 ζ’
596 4133 667 4185 enim
685 4133 720 4184 ad
731 4135 854 4186 Orestem
868 4136 1000 4200 pertinet,
1020 4153 1185 4204 quamquam
1204 4139 1284 4204 longo
1302 4141 1434 4188 maiorem

307 4201 366 4252 eius
384 4207 491 4268 partem
508 4201 549 4252 El.
571 4205 661 4267 canit,
679 4220 705 4255 v.
716 4205 808 4254 Herm.
823 4207 897 4270 Epit.
915 4205 1000 4256 doctr.
1021 4213 1098 4258 metr.
1117 4212 1141 4271 §-
1159 4209 1206 4260 691
1229 4214 1257 4258 et
1273 4209 1332 4260 694.
1404 4206 1435 4271 2)

308 4272 349 4322 cf.
369 4273 461 4322 Herm.
481 4272 556 4335 Epit.
576 4273 661 4322 doctr.
682 4277 758 4324 metr.
779 4292 805 4338 p.
823 4275 883 4325 269.
921 4275 1023 4325 uenell.
1044 4278 1077 4327 de
1092 4278 1192 4328 theatr.
1213 4277 1310 4327 Athen.
1331 4293 1357 4340 p.
1372 4277 1433 4328 238.

258 4368 259 4372 =
307 4339 334 4405 3)
354 4341 448 4406 Suppl.
470 4340 598 4392 llo-21
619 4347 646 4392 et
667 4341 809 4406 117-32‚
833 4344 957 4394 tae-41
978 4349 1005 4394 et
1026 4345 1168 4408 trs-51,
1189 4347 1316 4396 lae-ou
1336 4348 1363 4394 et
1384 4345 1436 4395 169

306 4412 389 4530 534,
410 4409 533 4531 oboedir}
550 4427 576 4462 v.
590 4411 641 4463 953
660 4413 687 4462 et
705 4411 765 4462 964.
812 4410 840 4474 4)
857 4413 1338 4476 Agam.v.1490-97et1514—21‚
1355 4414 1434 4478 Sept.

324 4481 426 4530 3-42
444 4483 472 4530 et
540 4481 619 4530 -72
