3230 5308
705 1041 857 1123 L.

158 1227 213 1298 De
238 1227 465 1302 carminibus
477 1229 699 1323 Aeschyleis
721 1249 745 1300 a
764 1226 935 1322 partibus
956 1227 1059 1300 chori
1080 1185 1292 1322 cantatis.*)

683 1535 713 1612 s.
732 1538 761 1596 1.

229 1663 335 1746 Nulla
362 1687 427 1747 fere
451 1688 579 1748 aliaest
601 1691 740 1768 quaestio
766 1688 804 1748 de
832 1689 1014 1748 carminibus
1035 1691 1217 1767 tragicorum
1241 1691 1293 1750 vel

158 1770 270 1832 diutius
288 1772 431 1849 neglecta
453 1782 484 1832 et
505 1794 523 1832 a
546 1776 626 1833 curis
649 1777 784 1834 virorum
805 1773 963 1833 doctorum
978 1783 1106 1850 remota,
1132 1777 1184 1834 vel
1199 1775 1292 1834 hodie

156 1858 256 1916 minus
272 1865 378 1934 aperta
397 1856 437 1916 ad
453 1859 708 1937 intelligendum,
727 1879 818 1946 quam
834 1879 895 1938 qua
913 1857 951 1917 dc
969 1859 1151 1919 carminibus
1168 1881 1186 1918 a
1203 1861 1293 1919 choro

156 1962 219 2000 non
242 1943 360 2018 integro
381 1944 511 2002 cantatis
533 1946 648 2021 agitur3
675 1944 753 2004 adeo
777 1963 852 2002 vera
873 1944 950 2001 ratio
977 1963 1080 2002 eorum
1105 1944 1293 2003 invenienda

159 2027 240 2083 omni
255 2045 369 2102 genere
383 2026 668 2103 impedimentorum
683 2036 714 2086 et
728 2028 942 2086 difficultatum
959 2027 1111 2086 obstructa
1127 2037 1183 2086 est.
1212 2029 1292 2086 Nam

135 2116 138 2123 '
158 2108 385 2186 quodomnium
399 2111 531 2168 maxime
549 2120 595 2170 est
610 2109 789 2182 dolendum,
804 2110 1042 2168 testimoniorum
1051 2118 1189 2168 veterum
1205 2120 1293 2168 tanta

159 2201 208 2252 est
222 2193 366 2270 penuria,
381 2201 415 2250 ut
431 2213 533 2271 neque
548 2195 587 2254 de
601 2195 720 2253 ratione
736 2203 767 2252 et
781 2214 836 2252 usu
851 2213 953 2251 eorum
968 2191 1133 2271 quidquam
1148 2194 1293 2252 traditum

158 2277 198 2335 sit
208 2285 330 2354 praeter
340 2297 509 2354 perpauca,
526 2298 606 2357 quae
621 2279 806 2338 scholiastae
820 2276 950 2350 habent,
968 2297 1069 2354 neque
1082 2279 1113 2336 in
1129 2279 1213 2338 libris
1228 2299 1291 2337 ma-

159 2381 277 2420 nuscrr.
295 2370 417 2438 praeter
432 2364 725 2442 semichoriapartes
742 2363 826 2422 chori
844 2363 974 2420 invicem
992 2371 1136 2422 canentes
1147 2365 1226 2422 notis
1238 2385 1290 2443 ap-

123 2493 126 2498 .
158 2447 266 2524 positis
288 2447 479 2524 significatae
500 2449 577 2524 sint3
599 2447 682 2508 unde
702 2450 817 2506 factum
833 2455 894 2518 est,
910 2453 945 2504 ut
957 2447 1009 2504 vel
1024 2465 1103 2524 quae
1123 2450 1256 2506 carmina
1272 2469 1290 2506 a

161 2531 250 2590 choro
263 2551 326 2590 non
340 2533 457 2608 integro
472 2543 636 2607 canantur,
652 2534 792 2592 maximis
804 2530 1044 2589 dubitationibus
1061 2532 1101 2588 sit
1116 2531 1289 2592 obnoxium.

160 2613 254 2674 Ouius
276 2617 321 2674 rei
340 2614 487 2674 indicium
507 2637 598 2696 quum
619 2618 712 2676 facila
731 2617 915 2692 exipsorum
931 2615 1097 2672 carminum
1112 2625 1289 2692 argumento

160 2709 191 2759 et
215 2720 299 2760 nexu
320 2702 384 2780 peti
403 2721 494 2779 posse
515 2701 671 2774 videatur,
696 2711 799 2760 tamen
818 2718 934 2758 summa
957 2696 1123 2758 difficultas
1145 2702 1288 2776 nascitur,

159 2784 241 2864 quod
261 2787 396 2844 universi
417 2787 582 2864 choreutao
603 2795 720 2846 tantum
741 2804 817 2843 unas
833 2791 937 2862 partes
958 2791 1054 2860 agunt
1076 2791 1107 2842 et
1128 2786 1217 2863 quasi
1233 2806 1289 2864 pro

157 2891 220 2929 una
231 2890 362 2948 persona
377 2869 492 2948 sunt¹);
509 2873 602 2949 igitur
616 2873 690 2930 licet
703 2871 755 2929 vel
768 2868 881 2945 singuli
895 2868 1027 2926 invicem
1044 2878 1170 2943 canant,
1186 2877 1289 2930 tamen

159 2975 197 3013 ea
211 2955 419 3034 unusquisque
432 2956 608 3032 loquuntur,
623 2975 703 3034 quae
721 2953 761 3012 ad
774 2961 870 3012 totum
886 2952 1009 3010 chorum
1022 2961 1095 3030 apta
1111 2963 1190 3014 sunt.
1216 2955 1290 3014 Alia

160 3038 293 3118 denique
315 3039 436 3098 accedit
458 3039 638 3114 difficultas,
661 3037 743 3117 quod
763 3039 872 3115 tragici
894 3057 951 3095 usu
972 3039 1137 3096 carminum
1160 3059 1178 3098 a
1197 3040 1288 3098 choro

158 3143 220 3181 non
235 3125 352 3201 integro
369 3133 558 3184 cantatorum
572 3125 698 3184 multum
717 3124 796 3181 inter
815 3143 847 3180 se
868 3121 1018 3180 differunt.

188 3273 193 3284 ,
222 3207 410 3288 Aeschylum
430 3231 492 3271 non
515 3211 611 3269 solum
631 3216 755 3288 propter
778 3206 994 3266 sublimitatem
1016 3215 1047 3265 et
1066 3207 1124 3266 oris
1140 3209 1288 3285 magnilo-

160 3291 316 3368 quentiam
331 3293 524 3367 excelluisse,
540 3293 594 3352 sed
610 3293 649 3351 de
666 3293 746 3352 omni
761 3291 936 3350 oeconomia
951 3291 1128 3368 tragoediae
1143 3301 1227 3350 recte
1243 3295 1287 3356 in·

159 3371 363 3452 stituenda²)‚
379 3375 418 3434 de
434 3377 548 3436 artibus
563 3377 722 3436 saltatoria
736 3384 767 3434 et
783 3371 949 3450 musica³),
965 3373 1003 3432 de
1019 3375 1103 3434 cultu
1116 3385 1147 3434 et
1159 3397 1287 3436 exorna-

159 3461 243 3518 tione
258 3478 369 3518 scenae
376 3454 401 3536 ⁴)
424 3468 486 3518 tam
499 3461 579 3520 bene
593 3461 738 3519 meruisse
756 3466 889 3531 constat,
913 3466 947 3516 ut
961 3467 1049 3535 pater
1065 3460 1137 3517 artis
1151 3461 1289 3536 tragicae

160 3543 242 3622 apud
259 3543 466 3604 Athenienses
488 3542 694 3620 haberetur⁵).
730 3544 828 3619 Igitur
847 3542 901 3600 ille
921 3542 1003 3598 chori
1018 3551 1120 3618 partes
1135 3543 1244 3600 minuit
1253 3542 1288 3620 ὃ),

160 3638 292 3688 aetorum
309 3629 409 3702 auxit,
425 3629 533 3688 nimias
544 3627 701 3688 monodias
719 3625 845 3685 exulare
861 3625 948 3684 iussit
955 3622 990 3700 ⁷).
1016 3623 1103 3683 Idem
1118 3645 1191 3684 vero
1202 3647 1289 3686 usum

229 3811 256 3878 *)
276 3813 445 3864 Dissertatio
464 3812 651 3878 inauguratis,
679 3827 759 3876 quam
786 3810 954 3875 amplissimo
978 3809 1200 3876 philosophorum
1216 3812 1289 3862 Mar-

160 3883 336 3948 burgensium
356 3885 446 3934 ordini
469 3883 505 3932 ad
526 3897 644 3934 summos
669 3881 697 3930 in
722 3879 896 3944 philosophia
924 3879 1042 3930 honores
1069 3881 1121 3932 rite
1145 3897 1289 3946 capessen-

161 3951 210 4002 dos
232 3952 363 4003 offerebat
387 3957 483 4004 auctor
509 3967 534 4002 a.
553 3950 795 4002 MDcccxxxn.
832 3949 919 4013 Typis
945 3950 1084 4014 exscripta
1108 3955 1150 4002 est
1167 3950 1289 4002 Wolfen-

161 4019 292 4072 buttelae.
330 4022 467 4073 censurae
484 4021 521 4072 H.
537 4023 568 4071 L.
590 4019 720 4070 Ahrentis
736 4023 763 4070 et
782 4019 814 4068 G.
832 4019 985 4069 Hermanni
1003 4023 1098 4070 extant
1116 4021 1145 4070 in
1162 4022 1289 4071 Zimmen

162 4091 257 4138 manni
273 4091 352 4142 Diar.
372 4091 509 4144 scholast.
528 4092 571 4153 ΙΙ,
585 4105 612 4139 a.
631 4088 878 4138 MDCCCXXXIII
898 4105 938 4138 nr.
956 4089 990 4140 34
1004 4105 1046 4153 sq.
1120 4129 1123 4134 ,

232 4156 258 4221 1)
279 4158 322 4210 of.
340 4161 459 4211 Boeckh.
480 4160 512 4210 de
535 4165 623 4223 tragg.
643 4173 682 4222 gr·
702 4174 728 4222 p·
749 4157 782 4208 59
800 4161 828 4207 et
845 4157 888 4208 63.
965 4155 993 4221 2)
1016 4157 1058 4206 ef.
1078 4157 1175 4208 Athen.
1197 4159 1225 4221 Ι,
1245 4157 1286 4208 18.

162 4241 189 4290 p.
210 4225 251 4276 21.
272 4253 305 4262 -
322 4228 363 4278 of.
381 4227 562 4294 Petersen'V.
581 4227 678 4278 Aesch.
702 4243 728 4292 p.
748 4225 780 4276 51
801 4242 860 4290 sqq.
931 4224 959 4290 3)
978 4228 1011 4277 V.
1031 4227 1128 4278 Athen.
1146 4227 1164 4276 1.
1182 4226 1200 4274 l.

161 4292 190 4357 4)
210 4297 242 4345 V.
262 4294 389 4345 Philostr.
409 4301 442 4348 V.
460 4297 585 4362 Apollon.
601 4296 643 4346 ed.
659 4295 749 4346 Olear.
769 4311 795 4360 p.
811 4297 870 4345 244.
898 4295 996 4345 Athen.
1013 4294 1032 4344 l.
1048 4297 1066 4345 l.
1130 4295 1157 4360 b)
1176 4297 1209 4346 V.
1223 4294 1287 4343 Phi-

161 4364 239 4413 lostr.
254 4362 272 4411 l.
292 4362 310 4410 l.
330 4379 356 4426 p.
376 4367 435 4415 245.
505 4365 534 4430 6)
552 4369 585 4418 V.
604 4365 719 4416 Aristot.
739 4368 813 4429 poet.
833 4381 857 4414 c.
874 4364 1101 4430 12..1Phi10str.1.
1119 4365 1137 4413 l.
1211 4361 1238 4426 7)
1252 4364 1286 4413 V.

161 4432 290 4483 Philostr.
310 4431 329 4480 1.
346 4430 364 4479 l.
