3246 5328
690 423 732 474 De
747 420 874 488 Aeschyli
891 419 1099 486 Agamemnone.

533 584 593 646 Καὶ
608 591 682 646 τοῖσι
700 583 864 644 θανοῦσι
883 575 1004 659 θανών,
1019 575 1142 642 αλλων

503 663 650 744 Ποινὰς
665 662 808 770 θανάτων
822 659 1070 766 ἆνταντοιιραίνει,

535 749 620 828 Τίς
602 778 640 814 αν
656 747 764 827 εἷς”ξ
715 756 764 827 ενξ
765 775 830 813 αιτο
844 743 987 857 βροτῶν
971 757 1071 813 ασινεῑ

535 840 665 917 Δαίμονι
680 841 790 917 φῦναι,
805 832 868 899 τόδ’
886 828 1021 912 ἆιιούων;

325 962 440 1022 Sensus
458 967 521 1017 est:
543 960 578 1020 Si
592 959 823 1038 Agamemnon,
843 979 899 1018 rex
914 958 1143 1037 potentissimus
1163 965 1193 1014 et
1216 943 1405 1033 felicisimus,
1424 958 1460 1016 ob

324 1047 470 1104 maiorum
490 1045 672 1121 sanguinem
690 1053 721 1102 et
739 1044 858 1103 alienas
879 1042 992 1102 caedes
1002 1041 1141 1140 (magno
1162 1062 1229 1100 cum
1249 1043 1387 1120 pondere
1410 1063 1460 1101 ea·

325 1129 393 1188 dem
408 1129 491 1188 notio
513 1138 560 1187 ter
579 1130 728 1208 repetitur
750 1124 918 1205 προτέρων,
939 1126 1096 1226 θανοῦσι,
1112 1119 1229 1226 α’λλων)
1247 1137 1373 1187 mortem
1397 1127 1460 1186 obi·

324 1225 408 1273 turus
431 1221 491 1287 est,
516 1232 638 1312 prorsus
660 1233 749 1272 nemo
771 1221 819 1272 est
838 1213 1023 1288 mortalium,
1045 1212 1098 1292 qui
1121 1212 1245 1270 innoxio
1264 1213 1329 1271 fato
1349 1233 1382 1272 sc
1406 1233 1460 1272 na·

324 1308 387 1356 tum
402 1297 524 1375 gloriari
537 1299 642 1376 possit.
623 1287 762 1356 Pro
741 1317 819 1374 cyno
839 1293 1007 1374 ἐπινρανεῖ
1001 1295 1128 1392 quod'
1121 1317 1152 1355 rn
1168 1295 1324 1356 codicibus
1340 1297 1461 1374 legitur,

272 1427 276 1438 .
324 1369 544 1458 ἆντεττικραίνει
558 1383 681 1460 scripsi,
704 1391 736 1442 et
750 1403 842 1462 quum
856 1392 951 1462 posto
913 1370 1015 1452 talc
995 1401 1033 1437 αν
1047 1401 1109 1439 una
1125 1380 1247 1459 syllaba
1263 1381 1461 1478 desidprffetur

324 1458 393 1536 ε’ἴς
385 1467 511 1525 mserui.
537 1465 700 1526 Caeterum
714 1475 817 1563 poeta
825 1467 943 1526 consult
931 1476 962 1525 to
978 1455 1032 1564 αἷμ
1035 1455 1214 1524 ’ἀποτίνειν
1230 1474 1261 1524 et
1276 1456 1382 1536 ποινὰς
1397 1461 1461 1524 ἔντι-

325 1550 459 1627 ιιραίνειν
476 1551 569 1627 dixit,
592 1571 664 1611 nam
678 1571 785 1622 ποινας
801 1542 953 1609 αιτοτίνειν
968 1570 995 1609 sr
986 1549 1153 1626 'dixisset‚
1170 1551 1278 1610 chorus
1293 1550 1460 1628 significas-

325 1643 373 1695 set
387 1635 649 1713 Agamemnonem
665 1635 738 1696 dare
755 1637 810 1696 has
829 1656 946 1716 poenas
965 1636 1054 1715 quasi
1072 1634 1192 1694 debitas
1207 1633 1365 1714 (solvimus
1381 1636 1462 1693 enim

327 1720 461 1798 debita);
482 1722 617 1781 iamvero
629 1742 742 1780 novum
753 1722 879 1781 verbum
897 1721 1044 1794 inferens,
1066 1720 1148 1800 quod
1171 1719 1319 1780 eiusmodi
1337 1720 1460 1781 notione

328 1813 427 1880 caret,
442 1806 543 1884 potius
561 1807 746 1866 contrarium
762 1807 828 1866 cius
845 1806 891 1866 rei
906 1805 1052 1865 declarat.

390 1910 520 1968 Patrata
542 1906 638 1967 caede
665 1907 773 1968 chorus
801 1907 839 1967 de
860 1905 1014 1966 nonnullis
1031 1907 1128 1985 iisque
1152 1907 1340 1983 gravissimis
1368 1907 1460 1985 longe

327 1995 418 2054 aliter
433 1993 570 2052 iudicare
586 1991 686 2052 videri
706 2001 822 2071 potest,
844 2001 936 2071 atque
959 1991 1046 2050 initio
1064 1990 1188 2048 fabulae
1208 1991 1365 2053 iudicavit.
1397 1991 1462 2052 Sed

328 2080 381 2138 ille
400 2079 523 2138 minime
538 2097 625 2137 suam
639 2077 678 2136 de
694 2078 831 2152 summis,
852 2076 962 2156 quibus
976 2096 1025 2134 res
1040 2076 1191 2134 humanae
1209 2086 1368 2154 regantur,
1385 2076 1461 2153 legi-

327 2164 383 2222 bus
401 2165 585 2222 sententiam
607 2163 750 2240 mutavit;
772 2161 990 2222 benevolentia
1005 2161 1037 2219 in
1056 2179 1159 2237 regem
1175 2159 1290 2235 ductus,
1313 2172 1462 2221 mortuum

327 2268 473 2308 reverens
480 2248 631 2324 ,indigne
651 2247 783 2306 occisum
800 2247 960 2320 miserans,
978 2245 1017 2304 de
1033 2246 1151 2304 scelere
1155 2246 1304 2323 quod
1274 2266 1363 2307 vivus
1382 2249 1461 2305 com·

327 2333 422 2406 misit,
443 2341 536 2393 tacet.
567 2331 670 2389 Tanta
692 2341 794 2390 autem
811 2342 876 2391 arte
896 2351 964 2388 cum
980 2327 1242 2408 Clytaemnestra,
1265 2351 1344 2411 quae
1361 2333 1462 2412 sequi-

327 2427 390 2494 tur,
407 2417 566 2474 altercatio
584 2417 748 2494 composita
764 2425 823 2490 est,
839 2424 873 2474 ut
887 2415 1039 2474 neminem
1051 2414 1208 2486 lecturum
1223 2425 1462 2475 consentaneum

329 2502 383 2578 sit,
407 2502 481 2579 quin
509 2501 610 2560 animo
636 2502 772 2578 graviter
799 2519 832 2559 sc
860 2499 1041 2558 commoveri
1067 2499 1189 2558 sentiat.
1220 2499 1311 2559 Initio
1338 2502 1462 2560 miratur

328 2586 489 2645 audaciam
503 2594 597 2665 atque
614 2587 816 2644 temeritatem
833 2582 1111 2664 Clytaemnestrae,
1136 2592 1167 2642 et
1181 2604 1320 2644 severum
1335 2605 1368 2644 se
1384 2585 1461 2644 iudi-

329 2692 395 2730 cem
409 2680 568 2749 praestans
590 2670 717 2729 exilium
736 2679 828 2748 atque
843 2676 968 2727 mortem
988 2669 1128 2726 minatur.
1167 2667 1286 2746 Quibus
1300 2679 1462 2750 postquam

328 2775 414 2814 suam
436 2755 609 2813 firmitatem
632 2755 773 2833 opposuit
794 2752 1042 2832 Clytaemnestra
1070 2762 1100 2810 et
1119 2755 1299 2829 gravissima
1315 2755 1411 2814 ironia
1430 2757 1462 2814 in

328 2838 588 2915 Agamemnonem
603 2838 727 2896 invecta
741 2837 827 2895 nullo
842 2838 948 2896 timore
964 2857 997 2895 se
1012 2843 1123 2895 motam
1137 2838 1284 2914 ostendit,
1300 2841 1406 2899 chorus
1423 2840 1462 2898 ad

330 2921 622 2980 commiserationem
638 2929 669 2980 et
682 2921 824 3002 querelas
837 2942 869 2980 se
885 2923 1050 2998 convertit3
1067 2932 1194 2982 mortem
1205 2922 1263 2982 sibi
1276 2934 1368 3003 optat,
1379 2934 1460 3003 post-

330 3026 421 3085 quam
432 3025 488 3064 rex
502 3005 672 3065 benevolus
687 3006 843 3066 amuliere
856 3007 973 3066 occisus
988 3007 1041 3082 sit,
1060 3007 1194 3083 sceleris,
1210 3008 1293 3088 quod
1305 3010 1358 3068 ille
1371 3019 1462 3067 antea

330 3091 533 3164 commiserat,
551 3091 644 3169 plane
668 3091 794 3166 oblitus,
812 3100 955 3151 externas
973 3111 1106 3167 caussas,
1134 3092 1171 3151 ob
1193 3113 1269 3174 ques
1285 3114 1363 3154 mors
1377 3095 1461 3172 Aga-

329 3177 496 3236 memnonis
512 3176 674 3250 evenisset,
688 3184 908 3250 commemorat,
926 3186 956 3236 et
969 3178 1097 3255 primum
1112 3177 1267 3237 Helenam
1282 3177 1460 3252 detestatur,

329 3281 347 3318 a
366 3263 451 3320 cuius
473 3261 600 3319 vesania
614 3267 660 3319 tot
678 3259 790 3319 caedes
804 3260 995 3340 repetendae
1016 3262 1085 3321 sint.
1123 3261 1224 3339 Quam
1240 3283 1378 3323 caussam
1394 3285 1462 3322 curn

327 3346 421 3424 plane
437 3346 597 3404 reiecisset
612 3343 859 3425 Clytaemnestra
875 3345 965 3405 altius
982 3346 1020 3406 de
1037 3367 1071 3406 re
1085 3347 1174 3409 fatali
1189 3348 1335 3426 cogitans,
1353 3350 1461 3406 chorus

329 3432 424 3490 fatum
437 3432 580 3512 queritur,
602 3428 683 3510 quod
698 3429 735 3488 ob
748 3429 875 3490 duarum
889 3432 1049 3491 mulierum
1062 3432 1222 3490 audaciam
1238 3431 1358 3490 domurn
1375 3435 1459 3491 'Pan-

327 3515 490 3575 talidarum
512 3514 631 3595 perdat.
670 3513 761 3592 Quod
783 3514 956 3597 Clytaemn.
981 3518 1024 3575 ita
1050 3517 1172 3594 probat,
1195 3525 1228 3574 ut
1250 3516 1361 3574 caedes
1384 3534 1458 3572 sane

329 3603 393 3660 eius
410 3602 515 3662 domus
535 3622 638 3660 omnes
653 3621 671 3659 a
688 3601 733 3659 lat
721 3609 752 3659 to
770 3601 955 3680 repetendas
971 3601 1116 3676 affirmet,

579 3702 649 3763 Νῦν
664 3689 691 3758 θ’
706 3691 852 3799 ὤρθωσας
866 3693 1006 3779 στόματος
1020 3693 1159 3779 γνώμην,

583 3775 643 3844 Τὸν
661 3773 874 3863 τριτταλαιστὴν

581 3866 765 3946 Δαίμονα’
731 3891 838 3948 γεννας
852 3868 937 3944 τῆςδε
952 3861 1129 3941 κικλήσκων.

327 3967 500 4025 Absurdam
511 3969 676 4026 lectionem
688 3970 767 4027 enim
783 3987 958 4045 τριτταχνιον
973 3966 1011 4024 ab
1026 3965 1158 4026 absurda
1171 3945 1279 4022 caussa
1290 3965 1459 4043 profectam

328 4069 394 4108 esse
412 4052 478 4107 veri
489 4071 550 4108 non
566 4050 713 4110 dissimile
729 4061 784 4110 est.
818 4051 940 4148 Quippe
958 4050 1067 4109 sciolus
1085 4049 1234 4130 quidam
1226 4059 1348 4128 rneptus
1367 4073 1459 4132 quum

327 4123 535 4202 τριπαλαιστον
551 4133 693 4208 legisset,
710 4155 851 4194 mensura
867 4135 956 4191 trium
969 4135 1149 4230 palmarum
1153 4142 1253 4192 autem
1266 4136 1375 4195 exilior
1392 4158 1458 4196 esse

328 4214 485 4275 videretur
491 4236 573 4295 ,pro
595 4217 632 4275 iis
654 4226 717 4275 tres
737 4219 825 4276 ulnas
845 4216 1007 4276 substituit
1050 4210 1234 4298 Τριπαλαιον
1252 4219 1326 4280 ferri
1344 4223 1458 4302 nequit,

328 4300 401 4379 quia
422 4263 503 4378 apucl
527 4300 714 4372 Aeschylum
738 4302 885 4358 malorum
909 4301 976 4361 fons
1003 4324 1064 4363 non
1086 4304 1138 4363 alt
1117 4314 1194 4380 trus,
1220 4325 1310 4383 quam
1332 4328 1350 4365 a
1371 4329 1411 4386 pa
1413 4316 1458 4366 tre

326 4385 566 4462 Agamemnonis
582 4385 739 4462 repetitur
771 4384 1036 4463 Clytaemnestrae
1056 4389 1197 4448 verbis't
1174 4398 1197 4448 rt
1199 4409 1217 4447 a
1233 4391 1375 4450 concedit
1388 4391 1457 4450 cho-

326 4489 392 4543 rus,
409 4477 443 4527 ut
459 4489 525 4528 esse
545 4470 650 4528 harum
665 4489 764 4528 rerum
778 4469 903 4536 fatalem
918 4491 1047 4547 nexum,
1067 4473 1123 4532 sed
1138 4474 1329 4553 quranve
1345 4475 1374 4532 h.
1393 4496 1420 4533 e.
1440 4495 1458 4531 a
