3230 5308
532 384 691 452 apartibus
706 385 782 440 chori
799 370 927 442 mutatis.

350 617 356 625 ⁸
498 547 599 648 Χοροῦ
613 537 665 607 ῦί.
728 600 731 605 .

334 631 369 694 Ο.
393 623 536 692 Τίτιῦνδ’
553 629 617 713 ἐρεῖ
625 653 670 703 τις
685 631 840 704 δικαίοις”
821 655 914 734 εχειν;

435 718 569 797 Stropha
583 711 619 796 β’
644 717 764 798 (Τρίτος
777 712 916 799 στοιχός).

497 808 624 914 Χοροῦ
614 839 631 876 ο
646 811 694 877 ια’.

335 899 375 963 A.
394 887 477 976 Ἐμολ
493 890 521 958 6’
540 898 690 975 όνειδος
705 891 763 976 ἒξ’
749 896 911 1000 ονειρόταν
926 897 1017 984 μολὸν

396 981 861 1068 ἔτυψενδίιιανόιφρηλόιου

394 1069 602 1169 μεσολαβεῑί
564 1093 582 1130 κ
608 1092 703 1174 ντρῳ

396 1141 457 1212 ῦπό
475 1151 585 1234 φρένας
600 1145 660 1216 ῦπὸ
674 1150 765 1235 λοβόν
780 1155 813 1236 ¹.)

496 1246 627 1333 Xopo6‘
615 1278 631 1316 ο
646 1249 696 1335 ιβ.

335 1337 374 1398 A.
399 1330 807 1422 Πόρεστιμαστίιιτορος

397 1420 484 1482 δαΐου
501 1422 607 1522 δαμίου

395 1496 522 1586 βαρὺ
491 1529 524 1568 το
541 1509 687 1608 περίβαρυ
702 1504 773 1589 κρό
781 1531 819 1584 ος
835 1508 921 1589 ἔχειν

429 1593 495 1655 Ant
483 1595 562 1654 tistr
579 1587 617 1672 β.

493 1682 625 1771 Χοροῦ
610 1715 626 1752 ο
641 1715 688 1772 ιγ.

329 1779 365 1837 Β.
392 1777 523 1836 Τοιαῦτα
539 1776 649 1877 δρῶσιν
663 1777 696 1837 οἱ
706 1771 844 1859 ,νεώτεροι
857 1779 926 1841 θεοὶ

394 1862 572 1940 κρατοῦντες
587 1853 620 1923 τὸ
636 1863 699 1922 πᾶν
715 1862 754 1922 tl
740 1863 825 1938 ίιιας
839 1863 952 1927 πλέον

393 1947 586 2042 φονολιβῆ
606 1942 751 2044 θρόνον

394 2027 462 2108 περί
477 2021 555 2088 πόδα
567 2023 693 2146 περλ’
653 2053 740 2109 καρα.

491 2120 622 2227 Χοροῦ
608 2151 624 2189 ο
639 2125 687 2190 ιδ’.

329 2215 368 2273 Β.
391 2204 578 2290 Πόρεστι
539 2235 594 2291 γας
609 2206 781 2290 όμφαλον

394 2295 612 2397 προςδρριιιεῖν
606 2293 778 2397 αίμοὶτριν

391 2370 569 2460 βλοσυρὸν’
552 2376 701 2483 αροὶμενον
716 2374 804 2462 6703
819 2380 905 2462 ἔχειν.

433 2460 612 2546 Stropha'
583 2490 620 2546 μ.

494 2557 627 2642 Χοροῦ“
612 2591 628 2629 ο
645 2591 687 2630 ιε.

328 2653 363 2728 C.
383 2640 525 2758 Ἐφεστίρι
541 2646 629 2712 δὲ
587 2675 692 2754 μαντις
708 2643 750 2714 ιῦν
764 2669 908 2756 μιασμριτι

392 2759 485 2837 μυχον
501 2758 625 2836 εχρανας
641 2730 820 2810 αὐτόσσυτος
835 2730 1014 2815 αὐτόκλητος

392 2812 474 2898 παρὰ
488 2815 583 2900 νόμον
598 2824 681 2884 θεῶν
696 2818 804 2903 βρότεα
817 2819 920 2899 μὲνί
889 2844 976 2900 των,

390 2910 579 2985 παλαιγενεῖς
595 2904 627 2968 δὲ
640 2908 745 3011 μοίρας
760 2906 882 2986 φθίσας.

429 2991 495 3051 Ant
483 2987 677 3070 tistropha'
648 3014 684 3070 γ

492 3095 671 3190 Κορυφαῖρς.

389 3167 489 3274 Κᾶμοί
503 3196 534 3235 τε
550 3165 658 3276 λυπρός
675 3165 773 3236 καλ
743 3197 795 3236 τον
809 3165 866 3236 οὖα
881 3169 1033 3236 ἒιιλόσεται

387 3249 448 3318 ὑπό
463 3280 493 3318 τε
501 3252 681 3359 ’Ἃγᾶνφυγῦν
698 3252 791 3320 οῦποτ
795 3249 1039 3358 ’ἐλευθεροῦται

389 3336 597 3442 ποτιτρόπαιος
621 3334 743 3404 6v6’‘'
726 3366 825 3446 ετερον
839 3338 962 3428 ἒνκόρρι

389 3420 512 3506 μιόστορ
515 3417 571 3501 ’ἐξ
584 3424 657 3505 ἐμοῦ
668 3423 841 3509 ’)πολσεται.

159 3522 397 3587 Commendatur
417 3529 495 3588 haee
518 3529 683 3608 descriptio
697 3531 825 3608 primum
840 3549 889 3604 eo,
913 3529 993 3609 quod
1011 3540 1161 3608 commate
1176 3532 1221 3590 ita
1236 3531 1288 3590 de·

159 3619 295 3686 currunt,
322 3620 356 3670 ut
376 3614 512 3691 apprime
534 3615 719 3674 conveniant
734 3633 801 3672 eum
818 3613 939 3687 ordine,
966 3633 1026 3693 quo
1042 3615 1151 3674 Furias
1166 3634 1288 3693 proees-

157 3700 233 3758 sisse
249 3705 490 3758 consentaneum
505 3708 560 3759 est.
589 3700 670 3758 Nem
681 3706 716 3756 ut
734 3705 795 3756 tres
811 3717 877 3758 esse
890 3698 1005 3757 Furiae
1022 3719 1040 3757 a
1054 3698 1168 3777 populo
1184 3697 1288 3758 crede-

156 3783 281 3858 bantur,
298 3784 342 3864 ita
353 3784 379 3842 si
394 3782 433 3842 ab
447 3783 606 3865 Aeschylo
623 3791 786 3860 augeretur
801 3803 905 3842 earum
920 3802 1078 3857 numerus,
1094 3782 1179 3843 nullo
1197 3782 1287 3844 modo

156 3868 223 3928 fieri
233 3877 363 3946 poterat,
381 3869 456 3948 quin
469 3878 531 3929 tres
545 3870 620 3928 illae
637 3876 828 3927 caeterarum
843 3867 992 3941 duetnrm,
1010 3876 1151 3928 caeterae
1167 3868 1287 3928 illerum

158 3953 258 4012 sociae
272 3961 390 4012 tantum
405 3963 436 4013 et
457 3955 613 4014 ministrae
629 3961 733 4013 essent
743 3948 780 4030 ¹).
822 3951 900 4011 Inde
915 3971 1007 4031 quum
1021 3951 1114 4012 valde
1128 3952 1288 4031 probabile

107 4213 110 4220 Ἰ
229 4151 255 4216 1)
273 4156 376 4206 Versus
400 4156 446 4206 hie
469 4155 597 4207 dochmio
620 4159 731 4208 constat
755 4170 779 4204 ο.
799 4155 936 4222 disyllaba
954 4157 1098 4219 mermi,
1126 4155 1159 4208 de
1177 4173 1231 4222 qua
1249 4157 1285 4207 of.

156 4218 249 4268 Herm.
267 4221 309 4270 El.
329 4230 406 4274 metr.
427 4241 453 4290 p
471 4227 531 4278 253.
568 4225 682 4278 Falsum
698 4229 755 4288 est,
782 4225 854 4290 quod
872 4225 954 4290 vulgo
978 4243 1001 4278 ο.
1029 4243 1086 4292 seq
1105 4241 1132 4277 v
1152 4226 1283 4292 iungitur,

156 4302 244 4352 neque
262 4290 410 4343 Wellauer.
432 4300 507 4346 reete
527 4295 595 4345 dicit
619 4299 751 4378 quattupr
772 4295 876 4358 primas
898 4295 955 4346 eius
974 4295 1095 4360 syllabas
1114 4293 1151 4344 ad
1169 4309 1283 4360 paraca-

156 4357 268 4438 telegen
285 4361 435 4440 pertinere;
456 4379 509 4428 quo
524 4369 607 4428 pecto
625 4365 732 4416 numeri
749 4363 831 4428 plane
848 4371 1067 4430 corrumpuntur.
1139 4360 1166 4425 2)
1184 4365 1229 4412 Ita
1248 4363 1283 4413 de
1354 4403 1357 4410 .

156 4427 227 4478 eoni.
241 4426 350 4490 scripsi
369 4429 457 4493 Vulgo
476 4423 595 4482 ἐκείνου.
666 4432 693 4497 3)
713 4432 755 4484 cf.
772 4433 864 4484 Herm.
885 4433 1002 4485 Dissert
1020 4434 1054 4486 de
1070 4431 1250 4484 ehoronum·
1260 4431 1283 4481 I·
