3246 5328
677 365 719 415 De
735 353 905 415 carminibus
918 363 1080 430 Aeschyleis

419 601 507 672 Atti
521 600 605 691 adyti
620 602 679 689 μὴν
650 525 1097 711 πρόκωιῖιζγιιᾟῗοζιναίναμαι
1109 617 1225 671 θανεῖν.

708 688 947 774 Τριτοστατῶν
934 690 1059 795 qyapor'v.

422 778 600 859 Δεχομένοις
614 777 706 858 λέγεις
724 785 834 839 θανεῖν
849 797 897 841 σε·
921 773 976 857 τὴν
993 774 1085 858 τύχην
1103 774 1271 858 αἱρουμεθα
1279 779 1311 859 ¹.)

380 887 413 946 Si
427 887 531 964 plures
555 883 743 942 choreutac
734 884 867 942 invicem
887 883 919 941 in
938 883 1082 942 diverbiis
1100 883 1231 942 recitent
1240 883 1366 962 ,paullo
1385 901 1448 939 ma-

231 991 234 998 *
316 973 408 1029 iorem
425 969 655 1029 commotionem
668 988 771 1026 eorum
784 976 815 1027 et
826 968 1022 1044 agitationem
1038 969 1131 1026 fuisse
1144 977 1381 1026 cousentaneum
1393 976 1447 1026 cst.

316 1053 407 1132 Quod
428 1063 459 1113 et
483 1055 516 1111 in
531 1053 769 1128 Agamemnonis
791 1053 891 1110 locum
907 1051 1003 1122 cadit,
1026 1061 1056 1111 et
1077 1053 1109 1110 in
1126 1053 1287 1111 nonnullos
1302 1051 1448 1109 Eumeni-

316 1139 388 1197 dum
397 1137 531 1217 ,quibus
548 1145 609 1195 tres
624 1138 749 1210 Furias,
771 1145 959 1194 caeterarum
977 1097 1110 1211 dboess
1102 1157 1234 1195 invicem
1247 1138 1366 1194 locutas
1382 1157 1448 1194 esse

315 1223 474 1302 probabile
491 1229 547 1279 est.
583 1220 670 1279 Libri
684 1222 765 1280 enim
775 1241 926 1280 manuscr.
944 1222 975 1278 in
989 1221 1112 1279 binis
1086 1243 1151 1280 eius
1163 1221 1288 1280 fabulae
1304 1219 1448 1279 diverbiis

317 1307 356 1365 ad
375 1315 477 1404 partes
501 1305 584 1363 chori
605 1305 754 1364 notandas
781 1325 843 1363 non
864 1324 940 1380 χοα,
962 1306 1007 1363 uti
1035 1307 1163 1364 caeteris
1184 1306 1275 1380 locis,
1296 1304 1351 1364 sed
1371 1293 1447 1381 Erip.

317 1391 405 1450 dictis
430 1391 494 1449 eius
521 1390 709 1467 praefigrmt3
744 1409 804 1468 quo
825 1390 989 1466 significari
1011 1390 1132 1449 videtur
1153 1411 1216 1449 non
1244 1351 1369 1448 chorum
1394 1389 1449 1447 sed

316 1496 396 1554 quae
412 1475 532 1554 proprie
552 1474 637 1533 solae
653 1476 727 1548 sint,
742 1483 804 1534 tres
820 1475 929 1532 Furias
944 1475 1039 1554 loqui.
1053 1476 1091 1536 V.
1107 1483 1159 1536 412
1174 1495 1241 1553 sqq.
1257 1475 1362 1552 plures
1379 1473 1449 1532 cho-

315 1570 418 1620 reutas
439 1559 584 1636 deinceps
606 1559 725 1619 locutas
752 1579 819 1618 esse
842 1560 1031 1618 confirmatur
1055 1560 1146 1618 etiam
1168 1559 1269 1618 verbis
1291 1560 1448 1617 Minervae

316 1667 346 1706 v.
364 1655 417 1707 414
443 1643 677 1722 compellatione
698 1664 761 1702 non
778 1642 817 1701 ad
833 1643 954 1702 chorum
969 1652 1065 1704 totum
1078 1645 1131 1702 vel
1150 1644 1372 1723 coryphaeum,
1393 1642 1449 1704 scd

318 1727 359 1788 ad
375 1749 527 1811 quemque
545 1729 716 1788 locuturum
733 1748 823 1788 usae:

424 1817 571 1905 Mu'dotp’
589 1819 644 1904 ἅν,
660 1827 688 1887 εἰ
701 1825 779 1906 λέγοι
798 1849 853 1898 τις
869 1824 986 1904 ἐμφανῆ
1000 1819 1094 1907 λόγον.

318 1931 510 2010 Quamquam
525 1951 569 2000 τις
583 1932 675 1990 etiarn
691 1929 730 1989 de
746 1929 854 1989 eadem
875 1949 1025 2009 persona,
1049 1931 1134 1988 cuius
1149 1928 1336 1988 antecedens
1352 1928 1447 1988 oratio

316 2017 421 2090 fuerit,
437 2015 569 2092 intelligi
584 2035 674 2093 posse
689 2035 752 2075 uon
766 2035 856 2092 nego.

380 2099 478 2159 Aliud
508 2113 718 2177 argumentum
745 2100 894 2176 praebent
919 2100 1037 2177 aliquot
1063 2098 1154 2177 epodi
1178 2108 1208 2157 ct
1228 2097 1354 2158 mesodi.
1382 2098 1448 2155 Has

317 2204 408 2264 supra
424 2183 538 2244 dictum
560 2193 606 2244 est
625 2207 688 2244 non
710 2205 800 2263 posse
822 2185 1002 2263 plerumque
1021 2204 1082 2242 non
1102 2204 1138 2242 eo
1154 2185 1215 2242 fine
1234 2203 1301 2242 esse
1320 2182 1448 2256 additas,

316 2279 351 2329 ιιι
366 2269 556 2346 stropharum
575 2289 717 2328 numerus
734 2270 917 2328 consentiret
933 2289 1000 2326 eum
1015 2289 1139 2327 numero
1154 2269 1299 2347 partium,
1321 2269 1353 2326 in
1373 2288 1448 2346 quas

320 2354 437 2412 divisus
468 2352 575 2411 chorus
598 2363 733 2412 caneret.
771 2354 809 2412 In
840 2353 973 2411 carmine
998 2351 1135 2430 Ohoeph.
1164 2361 1216 2415 779
1242 2372 1309 2431 sqq.
1337 2373 1449 2411 novem

317 2437 460 2516 strophae
484 2446 554 2498 sunt
561 2433 600 2514 ²),
622 2439 666 2496 ita
682 2438 890 2510 confirmatae,
912 2445 946 2495 ut
959 2445 1029 2515 post
1044 2439 1162 2496 tertiam
1176 2456 1329 2516 quamque
1351 2458 1449 2497 novus

319 2522 538 2582 sententiarum
554 2541 653 2582 nexus
673 2523 814 2600 incipiat,
835 2521 918 2580 unde
937 2541 955 2579 a
978 2522 1069 2581 choro
1085 2523 1117 2580 in
1133 2531 1194 2581 tres
1212 2521 1333 2580 ordines
1349 2520 1448 2581 diviso

319 2615 457 2666 cantatas
474 2627 541 2666 esso
557 2608 721 2666 verisimile
738 2616 793 2666 est.

381 2692 521 2768 Apparet
536 2699 637 2748 autern
645 2712 760 2770 ,quam
775 2690 814 2749 dc
829 2692 956 2787 singulis
972 2689 1154 2750 carminibus
1169 2699 1347 2768 argumenta
1361 2711 1447 2769 repe

318 2777 378 2834 rire
400 2775 527 2832 difficile
549 2737 705 2848 sit,ui1de
730 2775 814 2832 chori
835 2765 968 2852 σιοιχούς
990 2775 1138 2834 cecinisse
1160 2783 1285 2835 constet.
1326 2775 1447 2874 Quippe

318 2860 474 2937 plerisque
491 2821 683 2918 adminiculis
702 2858 823 2918 destit
781 2868 906 2935 tuimur,
930 2860 1039 2939 quibus
1055 2858 1163 2918 adt
1115 2869 1163 2918 rat
1164 2861 1263 2919 ionem
1284 2862 1448 2919 carminum

321 2942 481 3019 asiugulis
498 2950 686 3002 cantatorum
704 2944 923 3003 inveniendam
937 2945 984 3004 usi
1003 2965 1114 3004 sumus.
1146 2946 1226 3004 Nam
1242 2947 1390 3024 quianon
1405 2946 1448 3003 ita

320 3047 431 3104 magna
451 3027 616 3086 animorum
637 3036 683 3088 est
704 3031 877 3102 commotio,
895 3039 1043 3088 commata
1062 3049 1164 3107 neque
1179 3031 1270 3088 simili
1286 3031 1447 3104 sententia,

319 3113 379 3170 nisi
389 3132 466 3181 raro,
482 3117 514 3169 Se
525 3113 696 3190 excipiunt,
711 3134 812 3193 neque
828 3115 860 3172 iu
876 3113 982 3174 eadem
998 3113 1121 3191 stropha
1135 3115 1224 3191 plura
1240 3117 1447 3190 continentur3

201 3225 204 3232 ·
295 3196 401 3276 „unde
422 3197 470 3266 fit,
493 3206 526 3253 ut
547 3197 727 3276 plerumque
747 3199 812 3256 iere
836 3198 913 3256 nihil
936 3199 1037 3275 colligi
1057 3200 1164 3277 possit,
1187 3200 1246 3258 nisi
1268 3220 1307 3259 ex
1323 3219 1448 3258 numero

319 3281 523 3358 stropharum,
549 3302 628 3360 quae
652 3283 785 3341 carmina
803 3302 822 3340 a
842 3286 967 3359 σιοιχοῖς
986 3283 1069 3364 chori
1090 3285 1242 3360 potuerint
1263 3286 1346 3358 cani,
1369 3305 1449 3363 quae

319 3387 381 3425 nou
412 3365 575 3443 potuerint.
611 3367 776 3426 Numerum
807 3368 886 3426 enim
918 3367 1108 3445 stropharum
1134 3389 1203 3427 eum
1229 3389 1294 3428 esse
1321 3387 1448 3427 necesse

321 3459 381 3526 est,
403 3452 455 3530 qui
474 3449 652 3516 divisionem
667 3453 818 3530 triplicem
838 3451 987 3510 admittat.
1024 3452 1144 3511 Tamen
1158 3475 1251 3512 unum
1266 3471 1387 3510 carmen
1403 3459 1450 3509 est

319 3557 382 3597 non
396 3536 660 3614 ant1st10phrcum
678 3537 767 3596 Eum.
782 3557 812 3594 v.
833 3545 884 3599 249
898 3556 980 3615 sqq
997 3535 1104 3615 quod
1095 3539 1215 3614 rnsigne
1234 3535 1379 3594 indicium
1394 3534 1447 3590 ha-

320 3621 393 3680 bere
415 3621 501 3681 videt
489 3630 537 3680 tur
556 3623 671 3681 chorit
659 3631 721 3680 tres
741 3629 809 3700 part
811 3641 843 3680 es
872 3621 1002 3680 fuisse'
994 3621 1126 3679 invicem
1150 3627 1304 3680 canentes
1342 3618 1379 3676 V
1397 3625 1449 3678 250

322 3707 402 3762 enim
422 3707 535 3764 caeteri
563 3708 726 3765 choreutac
750 3725 874 3764 numero
896 3705 980 3763 duali
1002 3705 1223 3781 compellantur
1244 3693 1446 3778 (arvernos).
1539 3697 1542 3704 ’

322 3787 421 3863 Quem
437 3809 489 3868 qur
481 3791 667 3849 'emendare
683 3799 774 3850 conat
775 3791 785 3847 i
801 3790 1058 3866 sunt,iisparun1
1070 3788 1202 3846 feliciter
1215 3785 1400 3864 processisse
1416 3786 1448 3843 in

394 4002 420 4067 1)
439 4003 527 4084 Vulgo
546 4006 604 4054 sine
623 4021 704 4054 sensu
720 4006 787 4070 legit
776 3996 868 4056 ιιιιᾶ’
889 3993 1040 4067 ἑλούμεθα.
1067 4030 1102 4042 ω
1120 4003 1230 4053 Cantor
1255 4004 1373 4054 coniecit
1395 3995 1447 4068 τὴν

323 4063 413 4134 τύχην
438 4062 467 4118 δ’
491 4065 662 4135 αἴρούμεθα.
697 4077 798 4124 Verum
821 4077 847 4125 Δ
871 4075 989 4137 aprima
1015 4071 1096 4122 litera
1115 4073 1192 4122 vocis
1215 4065 1378 4137 αιρούμεθα
1397 4090 1447 4123 na-

322 4144 380 4187 tum
398 4145 450 4192 est.
465 4140 547 4204 ,Nam
565 4146 595 4190 ut
613 4141 747 4204 absit,t
720 4144 804 4192 etiam
829 4157 926 4192 sensus
949 4141 1087 4224 postulat:
1112 4142 1192 4192 Hanc
1210 4141 1289 4192 nobis
1306 4142 1445 4192 fortunam

323 4207 462 4286 eligimus,
482 4207 518 4257 ci.
533 4208 651 4273 Choeph.
671 4212 730 4262 925.
744 4203 831 4260 τοῦθ’
850 4225 925 4272 ομως
944 4201 1164 4274 αἱρούμεθα,
1185 4202 1340 4275 ὀφθαλμὸν
1359 4211 1448 4261 οἴκων

318 4269 360 4342 μὴ
379 4272 575 4340 πανωλέθρως
594 4280 699 4327 nauata.
722 4279 866 4330 Caeterum
888 4278 937 4329 hos
956 4296 1000 4330 vv
1022 4278 1118 4329 hunc'
1110 4295 1139 4329 ιιι
1156 4281 1264 4331 modum
1283 4282 1447 4332 distribuen-

323 4347 372 4396 dos
392 4362 452 4397 esse
471 4347 554 4395 etiam
572 4347 675 4400 Genell.
692 4346 762 4400 vidit
780 4349 812 4402 de
833 4347 872 4396 ιιι.
893 4348 955 4396 Αιιι.
975 4365 1001 4412 p
1023 4349 1080 4400 186.
1145 4348 1185 4414 2)
1206 4351 1361 4402 Secundum
1378 4351 1447 4399 Her-

323 4415 417 4466 manni
436 4415 662 4482 descriptionem,
683 4432 762 4484 quam
780 4432 875 4470 veram
895 4433 955 4469 esse
979 4432 1033 4466 non
1050 4417 1154 4468 dubito.

1504 960 1506 965 ’
1601 956 1606 1034 l
