3254 5304
374 425 622 477 Coniectaneorum
643 422 670 474 in
688 421 817 488 Aeschyli
833 420 979 488 Supplices
1001 439 1066 490 pars
1080 421 1176 472 altera.
1280 413 1339 474 123

346 601 397 658 545
415 581 517 649 Λύδιά
530 609 560 648 ιε
548 580 684 686 γύαλα·

412 671 472 733 Καὶ
487 661 556 732 διΗ
544 674 624 748 ορῶν
639 669 771 731 Κιλίκων

414 749 593 857 Παμφύλων
607 777 638 816 ιε
653 753 724 855 γένη
729 753 918 856 διορνυμένα

414 833 484 948 Πδρ
500 862 650 918 ιιοιαριονς
664 831 806 912 devoteve,

416 924 477 986 Kal
491 919 705 1002 βαθδπιονιον
724 917 837 1021 χθόνα,
851 921 902 982 καὶ

418 1011 478 1083 Τοῖς
488 1005 665 1090 Ἀφροδίτας
680 999 854 1086 ιιολνιινρον
868 1001 946 1067 αἶαν.

208 1119 308 1178 Versu
333 1121 383 1176 547
405 1113 501 1174 Well.
522 1133 590 1172 oum
609 1112 746 1172 Heathio
770 1109 951 1169 vocabulum
971 1107 1044 1188 γένη
1067 1115 1178 1173 eiicere
1198 1113 1341 1173 debebat.

208 1199 365 1262 Oeeultior
376 1198 528 1278 quaedam
541 1197 653 1257 menda
666 1196 790 1256 haesit
781 1215 812 1252 111
826 1187 996 1273 postremis,
1011 1217 1194 1278 quamquam
1211 1197 1342 1258 editores

203 1307 261 1364 pro
277 1285 359 1342 sanis
379 1283 502 1342 habent.
541 1281 630 1378 Quae
654 1283 734 1340 enim
757 1287 826 1338 sunt
849 1279 922 1338 illae
945 1288 1092 1340 terrarmm
1113 1283 1342 1359 designationes

205 1360 416 1447 βαθυπλονιος
427 1356 513 1444 χθιδν
529 1375 559 1425 et
571 1353 749 1444 Ἀφροδίτης
763 1357 838 1422 olo?
863 1363 914 1422 Int
902 1364 1046 1442 tellignnt
1059 1367 1153 1444 vulgo
1164 1367 1342 1427 Phoenicen

208 1462 239 1513 et
260 1453 396 1531 Syriem3
425 1461 457 1510 ιι
485 1459 614 1547 utraque
647 1449 749 1522 dives,
772 1457 902 1527 utraque
923 1449 1038 1509 Veneri
1060 1472 1156 1510 saera
1202 1452 1244 1510 Et
1269 1460 1343 1551 quot

207 1539 287 1597 aliae
308 1545 408 1596 terrae
431 1526 732 1636 βαθύπλονιοιῖιιι
720 1534 845 1594 tfere'
836 1542 923 1612 rnept
925 1555 943 1592 ι
911 1535 1019 1594 tilla
1042 1535 1213 1614 designatio
1235 1538 1339 1595 existi

207 1620 318 1682 manda
333 1622 386 1694 sit,
409 1621 469 1679 nisr
460 1618 600 1698 aliquid
615 1617 709 1678 addat
697 1627 760 1694 tur,
776 1639 940 1699 quoquam
955 1628 1067 1680 terram
1081 1622 1200 1700 poeta
1192 1643 1222 1680 m
1240 1630 1342 1681 mente

206 1707 335 1780 habeat,
352 1705 486 1782 intelligi
500 1705 604 1784 possit.
638 1703 841 1764 Scribendum
859 1701 994 1764 videtur:

334 1801 392 1866 Καὶ
413 1798 626 1884 βαθύπλουτον
659 1797 773 1882 χθόνα,
800 1793 954 1948 steinsela
972 1794 1149 1886 Ἀφροδίτας
1168 1799 1347 1888 πολύπυρον

830 1911 850 1946 α
864 1911 910 1948 αν.

206 1996 255 2054 Ιιι
270 2003 342 2075 apta
358 2001 405 2052 est
424 2002 525 2052 terrae
543 1991 725 2071 designatio.
760 1992 911 2069 Intelligit
911 2013 946 2050 ur
963 1993 1042 2050 enim
1058 1993 1164 2071 Syria,
1180 2015 1235 2072 per
1252 2016 1342 2075 quam

205 2081 241 2139 Ιο
258 2101 297 2140 ex
312 2079 498 2174 Pamphylia
510 2085 542 2136 et
554 2076 663 2136 Oilieia
675 2076 714 2134 ad
718 2075 904 2174 Aegyptum
917 2096 1047 2154 pergere
1065 2076 1211 2150 debebet3
1229 2100 1265 2138 ea
1277 2088 1343 2138 erat

208 2173 309 2224 autem
325 2172 356 2223 et
370 2153 579 2240 βαθοιιιοαιος
598 2171 628 2222 et
649 2154 822 2238 πολύπορος
840 2169 872 2219 et
886 2161 1017 2221 Veneris
1036 2161 1118 2222 cultu
1135 2163 1266 2222 omnium
1282 2173 1341 2223 ter-

147 2319 150 2326 ,
207 2269 307 2308 rarum
325 2249 458 2306 maxime
473 2247 610 2324 insignis.

269 2351 323 2410 Vs.
338 2360 390 2414 590
404 2370 471 2428 sqq.

416 2438 483 2508 ’Τι’
502 2437 642 2525 ἆρχᾶςδ
661 2438 698 2507 οὔ
711 2467 791 2520 τινος
807 2437 926 2545 θοριζων

417 2522 459 2592 Τὸ
457 2535 556 2630 μεῖον
571 2525 751 2635 κρεισσόνων
764 2524 919 2610 κρατύνει·

417 2607 466 2676 Οδ
476 2637 555 2689 τινος
570 2607 692 2677 teneto
706 2609 818 2721 ἡρὲνοιι
832 2614 912 2695 σέβει
926 2637 1021 2677 ιιαιοι

417 2690 591 2780 Ποίρεσιιδ’
609 2697 734 2782 ἔρραν’
714 2725 752 2774 ως
769 2699 853 2778 ἔπος,

417 2786 556 2848 Σιιεδσαί
567 2807 594 2846 ιι
610 2787 672 2847 τῶν
686 2783 805 2859 δούλιος
821 2783 904 2864 φέρει
922 2780 1011 2868 φρήν.

206 2891 298 2950 Ηιιιιο
322 2891 421 2949 locum
442 2890 638 2950 Hermannus
664 2890 831 2950 novissima
860 2891 954 2970 Soph.
985 2889 1063 2953 Oed.
1088 2893 1185 2969 Regis
1207 2892 1342 2954 editione

207 2996 277 3054 pag.
294 2985 327 3038 12
342 2977 386 3034 ita
404 2975 572 3034 constituit:

415 3064 484 3132 Τι’
501 3063 637 3150 αρχᾶςδ
655 3057 774 3145 οντινος
788 3068 909 3144 θοαζοιν

416 3148 458 3216 Τδ
473 3161 603 3256 μεῖον
572 3153 754 3216 ιιοεισσόνιον
769 3151 927 3237 κρατύνειν

413 3232 591 3302 ’‘hlvodsv'
570 3262 683 3318 ημενον
699 3258 716 3300 σ
718 3239 786 3320 ἐ.βει

207 3345 336 3416 ,,Νιι11ι”ιιο
368 3343 418 3398 sub
442 3347 556 3417 imperio
579 3359 756 3416 properans,
784 3347 954 3417 impotentem
981 3347 1177 3417 potentioribus
1203 3352 1344 3421 imperare

207 3431 288 3485 allius
311 3428 465 3492 sedentem,
482 3429 595 3501 prohat.
631 3427 779 3486 Declarat
799 3436 900 3486 autem
927 3429 1030 3488 statim
1053 3428 1160 3488 chorus
1176 3431 1256 3490 hane
1274 3453 1342 3491 sen-

207 3512 350 3586 tentiam,
367 3509 500 3570 addens:

417 3601 547 3687 Παρεσιι
563 3602 589 3669 δ
609 3600 733 3689 lpyov‘
714 3632 752 3681 ως
768 3609 856 3754 {hog}

420 3693 556 3754 Σιιεῦσοιί
568 3716 596 3754 τι
610 3696 670 3755 τῶν
684 3687 856 3773 βονλιοςέ
818 3718 841 3772 φ
856 3715 900 3774 ρει
916 3687 1004 3773 φρήν.

206 3799 244 3858 In
265 3797 374 3879 quibus
396 3818 489 3880 quum
509 3796 634 3855 σπεῦσαι
655 3795 765 3854 dicitur
791 3796 909 3874 Iupiter
934 3803 1040 3874 suopte
1061 3793 1188 3871 iudicio,
1215 3799 1292 3859 nihil
1311 3801 1343 3860 id

208 3883 292 3942 aliud
308 3893 369 3954 est,
393 3904 485 3964 quam
505 3881 587 3962 quod
608 3880 697 3940 modo
713 3879 828 3940 dietum
844 3889 910 3940 erat
898 3881 1044 3940 tnullius
1060 3900 1128 3939 eum
1143 3883 1226 3942 sub
1218 3888 1343 3964 imperio

207 3977 419 4064 properantem
447 3967 564 4027 infimos
593 3985 684 4046 super
716 3985 844 4026 summos
878 3966 1021 4026 evehere.
1060 3960 1167 4042 Σέβειν
1193 3969 1302 4029 infinit
1280 3980 1343 4069 trvq

209 4050 309 4108 iunxit
327 4053 440 4111 etiam'
432 4073 463 4111 m
478 4051 589 4129 Agam.
612 4072 641 4109 v.
669 4059 746 4114 1621
768 4041 909 4128 Αἴγισθ’,
940 4039 1028 4130 δβρίζ
1028 4071 1072 4109 ειν
1097 4045 1287 4113 ἒνιιαιιοῖσιν
1307 4045 1343 4116 οὗ

211 4128 316 4206 σέβοι.“
345 4135 434 4194 Ηιοο
448 4136 652 4196 Hermannus.
682 4135 726 4194 At
742 4153 797 4194 eae
813 4156 862 4194 mu
864 4135 1042 4196 tationeset
1030 4137 1185 4198 tviolent
1164 4147 1255 4201 hores
1273 4151 1343 4202 sunt

212 4223 243 4273 et
257 4219 437 4276 sententiam
451 4219 566 4280 habent
581 4220 619 4278 ab
630 4221 689 4280 1ιοο
701 4220 769 4278 loeo
781 4219 923 4280 alienam.
953 4219 1134 4282 Celebratur
1148 4223 1232 4284 Iovis
1248 4229 1341 4286 omni-

209 4298 356 4379 potentia.
388 4300 501 4360 Parum
517 4312 577 4378 est,
599 4306 626 4363 si
642 4303 859 4379 nihildieatur,
875 4307 937 4365 nisr
928 4305 1056 4366 Iovem
1071 4328 1131 4366 non
1144 4310 1296 4384 probare
1287 4331 1340 4368 rm-

208 4388 316 4464 potent
318 4401 364 4439 em
385 4391 492 4460 potent
480 4387 642 4447 tionibus
634 4407 793 4468 imperare
836 4388 918 4465 Quid
940 4389 997 4448 hoe
1020 4390 1059 4448 ad
1078 4391 1261 4451 Danaides?
1290 4402 1342 4450 aut

210 4465 360 4549 quomodo
380 4475 453 4545 apta
471 4468 510 4526 sit
528 4471 628 4528 tenuis
650 4473 705 4530 illa
721 4473 874 4531 sententia
896 4481 928 4530 et
945 4473 1108 4532 conveniat
1124 4492 1191 4532 eum
1207 4475 1341 4551 splendi-
