3246 5328
298 385 339 446 42
410 393 414 404 '
655 389 697 443 Da
712 389 840 457 Aeschyli
855 388 1063 458 Agamemnone.
1086 462 1092 474 ,

297 576 348 615 rus
367 564 428 629 est,
451 556 610 614 atrocitate
632 575 809 634 comparans
826 553 950 634 (πικροῦ
964 554 1099 633 χείματος
1113 546 1185 614 tato
1202 555 1301 632 μῆχαρ
1316 551 1425 635 βριθύ-

297 660 382 714 τερον
405 642 470 700 fere
485 641 597 700 ironice
621 639 765 718 dietum),
787 642 914 718 primum
931 642 1029 719 ipsum
1042 641 1304 718 Agamemnonem
1320 645 1364 703 ita
1378 667 1425 704 se·

299 746 365 784 oum
380 727 556 805 loquentem
575 727 663 798 feeit,
680 733 714 784 ut
734 727 880 784 incertum
897 727 970 790 ‚eius
991 728 1121 786 animum
1147 735 1178 786 et
1193 747 1338 787 summam
1355 751 1425 788 oon-

297 811 358 888 silii
377 811 524 888 inopiam,
547 831 606 890 qua
621 811 749 870 affectus
767 810 872 883 fuerit,
889 811 1011 888 egregie
1026 811 1127 870 verbis
1144 812 1303 889 exprimat.
1350 816 1425 874 Eius

296 895 449 974 soliloqnii
470 903 606 953 extrema
627 895 725 954 verba
747 915 943 972 magnacum
963 905 1028 956 arte
1050 896 1094 955 ita
1109 905 1283 973 comparata
1298 909 1376 971 sunt,
1392 910 1426 958 ut

296 979 554 1055 Agamemnonem
570 981 670 1038 animo
692 979 771 1039 elam
793 1001 829 1039 eo
848 1001 881 1039 se
897 980 1094 1040 inclinantem
1110 981 1239 1054 sentias,
1255 1000 1315 1058 quo
1331 983 1424 1041 ambi-

294 1064 337 1120 tio
359 1063 452 1124 ducit.
497 1065 559 1122 Fas
585 1065 666 1124 enim
696 1085 763 1124 esse
787 1065 877 1137 dicit,
903 1067 929 1124 si
949 1065 1017 1144 quis
1039 1064 1234 1137 sacrificium,
1257 1069 1425 1144 querenti

294 1147 455 1221 sedentur,
478 1158 509 1206 et
524 1149 650 1208 caedem
665 1149 791 1226 virginis
806 1149 1007 1209 vehementer
1024 1150 1234 1228 concupiscat3
1251 1153 1304 1229 qui
1318 1173 1425 1211 versus

294 1233 423 1294 fortasse
438 1233 542 1292 hunc
534 1255 566 1292 ιιι
576 1233 699 1292 modum
715 1233 868 1294 scribendi
884 1242 969 1292 sunt:

605 1324 854 1410 Πανοανέμοα
819 1354 876 1433 γαρ
893 1333 1002 1405 θυσίας

605 1408 835 1494 Παρθενίονθ’
851 1419 974 1519 αἵματος
988 1409 1037 1492 ὀρ-

604 1505 645 1587 μᾷ
660 1497 854 1601 περιόργω
863 1519 907 1602 σφ
909 1496 1042 1584 ’ἐπιθυ-

604 1594 671 1665 μεῖν
697 1586 800 1667 θὲμις·
822 1573 856 1648 εὖ
871 1579 928 1668 γοὶρ
943 1587 998 1664 εἴη

294 1685 361 1764 {ot
375 1689 414 1746 ad
435 1698 570 1750 caeteros
587 1691 680 1751 duces
696 1693 836 1767 refertur,
859 1689 1024 1768 ξυμμαχίαν
1041 1712 1070 1749 v.
1086 1699 1138 1752 206
1154 1701 1422 1764 commemoratam,

294 1795 369 1852 quos
394 1775 474 1833 infra
499 1768 680 1852 φιλομάχους
706 1776 821 1854 βραβῆς
845 1785 943 1836 vocat.
994 1776 1160 1860 Postquam
1189 1776 1297 1834 chorus
1324 1775 1422 1833 solilo-

295 1859 398 1938 quium
419 1859 656 1937 Agamemnonis
677 1863 797 1937 retulit,
826 1864 961 1920 iamvero
983 1861 1105 1937 singula
1133 1861 1258 1938 pessimi
1278 1859 1422 1918 facinoris

294 1964 483 2022 persequens
501 1945 532 2003 id
545 1947 616 2022 agit,
633 1956 667 2005 ut
680 1947 757 2006 nihil
772 1948 902 2020 omittat,
919 1965 979 2025 quc
994 1945 1143 2004 nefarium
1160 1945 1258 2003 scelus
1276 1943 1328 2002 det
1316 1945 1422 2003 testari

293 2029 398 2106 possit.
445 2028 546 2106 Quum
571 2031 652 2089 enim
672 2031 884 2131 Agamemnon
911 2049 1068 2107 emergere
1088 2050 1104 2088 c
1126 2029 1214 2087 malis
1230 2049 1293 2086 non
1307 2037 1420 2107 posset,

294 2112 513 2172 dubitationem
535 2115 656 2174 exuisse
680 2125 710 2174 et
729 2117 761 2174 in
779 2117 903 2215 impium
916 2123 1031 2173 mutato
1048 2114 1147 2173 animo
1164 2113 1298 2172 induisse
1314 2111 1422 2171 dieitur

294 2195 451 2255 audaciam
459 2199 611 2278 ,qualem
631 2201 784 2278 impertiat
803 2202 923 2262 insania
944 2200 1053 2258 mentis
1076 2197 1113 2255 ob
1136 2198 1243 2255 initum
1265 2196 1420 2257 consilium

294 2282 420 2341 sceleris
435 2293 593 2361 concepta,
610 2305 690 2363 qnae
707 2286 880 2343 initiumt
842 2286 880 2343 sit
896 2284 1015 2361 culpae.
1046 2282 1137 2360 Quod
1152 2290 1204 2339 aut
1207 2301 1253 2339 em
1270 2280 1344 2340 dicit
1358 2275 1419 2338 ἐπεὶ

293 2352 353 2423 δ”
337 2359 469 2443 ανάγκας
489 2363 542 2424 ἔδυ
559 2364 719 2440 λέπαδνον,
741 2391 802 2428 ιιοιι
819 2377 945 2428 excusat
962 2369 1237 2468 Agamemnonem,
1254 2366 1336 2444 quod
1351 2385 1419 2422 eoa-

294 2459 360 2508 ctus
311 2451 503 2525 tfecerit,
527 2451 789 2512 sedvitiotribuit
798 2452 989 2531 ,quodcogi
1009 2469 1163 2529 sepassus
1184 2449 1230 2507 sit.
1275 2449 1419 2528 Denique

293 2534 370 2597 nihil
388 2535 442 2592 ille
462 2534 501 2594 de
518 2536 654 2596 Deorum
669 2537 777 2612 edicto,
797 2559 856 2619 quo
872 2539 991 2596 facinus
1008 2535 1147 2595 excusari
1159 2534 1264 2610 possit,
1281 2531 1336 2591 sed
1353 2553 1418 2592 sce-

292 2619 349 2677 leri
364 2620 543 2679 sacrificium
562 2621 714 2696 tribuens,
732 2624 853 2700 singula
871 2624 915 2680 ita
929 2619 1135 2698 persequitur,
1152 2625 1185 2675 ut
1200 2637 1314 2676 summa
1329 2619 1373 2675 ira
1387 2619 1417 2676 in

292 2704 559 2780 Agamemnonem,
569 2706 748 2784 Iphigeniae
762 2706 1140 2783 misericordiapermotum
1156 2711 1312 2780 appareat.
1334 2702 1424 2760 Nihil·

293 2789 374 2845 enim
396 2789 521 2860 omittit,
551 2790 633 2868 quod
660 2792 873 2869 indignitatem
894 2809 1005 2866 augere
1027 2789 1138 2864 possit3
1163 2795 1266 2844 eontra
1291 2787 1417 2862 virginis

294 2879 393 2929 castos
407 2891 505 2938 mores
516 2876 637 2950 paucis,
653 2875 708 2934 sed
724 2876 857 2954 pulchris
873 2873 973 2933 verbis
991 2871 1145 2930 describit.
1190 2869 1298 2928 Frenis
1311 2891 1343 2929 cs
1358 2872 1415 2928 for-

292 2974 407 3012 mosum
434 2975 638 3035 compressum
659 2961 769 3033 fuisse,
791 2981 831 3020 ne
851 2978 957 3018 vocem
983 2957 1133 3031 mitteret3
1166 2963 1253 3013 veste
1279 2955 1417 3054 deposita

292 3039 367 3096 mira
384 3050 544 3101 venustate
561 3044 717 3103 excellent
705 3052 765 3102 tem
773 3043 905 3124 ,quibus
921 3041 994 3100 solis
1009 3049 1122 3118 posset,
1102 3039 1233 3098 toeulis
1247 3041 1416 3099 misericor-

293 3121 373 3180 diam
388 3125 619 3186 sacrificantium
634 3129 820 3226 implorasse.
865 3125 928 3187 Sed
942 3123 1067 3182 unde
1038 3125 1148 3202 rugini
1163 3133 1249 3182 tanta
1264 3124 1416 3184 audacia?

292 3208 406 3286 quippe
427 3209 507 3268 viros
524 3213 552 3270 ei
569 3233 631 3270 non
646 3213 781 3289 incognit
783 3232 814 3270 os
769 3212 940 3284 tfuisse,

497 3305 616 3369 -ἕπεὶ
631 3304 772 3408 πολλοὶμις

496 3386 616 3493 Πατρός
636 3416 690 3453 ναι
687 3383 870 3466 ’ἀνδρῶνας
885 3383 1076 3490 εὐτραπέζους

496 3468 663 3556 Ἕμελψεν,
678 3468 829 3576 ἆμνόιδΗ
813 3472 981 3551 αταύρωτος
1002 3465 1080 3535 udde
1097 3465 1208 3551 πατρὸς

498 3563 594 3622 Φίλου
608 3555 866 3636 τριτόσπονδον”
831 3583 978 3639 εοποτμον

496 3647 600 3707 Αἰαῖνα
615 3648 752 3724 elimet
723 3644 752 3706 ἔτ
753 3648 814 3723 ίμα.

290 3747 378 3824 Quae
395 3768 578 3848 quamquam
592 3750 709 3808 laxiore
724 3768 808 3806 nexu
823 3747 861 3806 ab
879 3745 1035 3824 Aeschylo
1051 3745 1227 3816 dictasunt,
1242 3753 1344 3800 tamen
1361 3742 1413 3801 de-

289 3831 378 3890 fandi
389 3853 480 3911 posse
506 3835 727 3905 existimamus,
748 3839 947 3908 etnemurque
962 3829 1134 3905 pulchra
1104 3827 1231 3902 vrrginis
1248 3847 1347 3884 eoram
1362 3828 1414 3886 ho-

288 3925 347 3992 sprt
325 3917 415 3976 tibus
438 3928 550 3977 canent
551 3919 576 3976 is
592 3919 740 3993 imagine,
766 3915 845 3972 sicut
870 3912 1022 3970 Pindarus
1048 3910 1140 3990 Pyth.
1160 3909 1201 3968 Il
1224 3919 1257 3972 35
1279 3912 1415 3988 virgines

286 4000 510 4098 Epizephyrias
522 4008 593 4056 ante
608 3999 702 4058 aedes
714 4016 784 4054 suas
797 3994 890 4054 decus
905 3994 1049 4052 Hieronis
1065 4002 1211 4052 canentes
1228 3994 1312 4054 fecit.
1355 3995 1416 4055 Ριο

286 4081 365 4162 αὐδᾷ
383 4083 491 4158 scripsi
507 4070 778 4157 utramcumque
794 4079 827 4137 id
840 4077 966 4138 verbum
982 4077 1072 4136 etiam
1086 4077 1124 4136 de
1139 4097 1216 4137 voce
1232 4082 1414 4156 canentium,

286 4177 320 4225 ut
333 4163 461 4224 Hesiod.
482 4163 541 4222 Th
557 4172 601 4225 39.

370 4262 421 4320 Ad
436 4283 549 4320 nexum
561 4283 676 4334 eorum,
692 4278 773 4341 quac
785 4269 966 4341 sequuntur,
981 4273 1065 4323 recte
1080 4262 1315 4342 intelligendum
1326 4283 1414 4342 prae-

286 4349 375 4422 cipue
404 4345 570 4404 tenendum
598 4356 645 4405 est
673 4347 797 4406 chorum
817 4346 873 4404 hoe
895 4349 1028 4406 carmine
1049 4351 1137 4428 quasi
1157 4351 1352 4410 commentari
1375 4349 1414 4407 de

284 4430 429 4490 vaticinio
452 4429 630 4489 Calchantis
655 4432 687 4490 in
704 4429 837 4488 carmine
863 4429 993 4508 epodico
1013 4444 1147 4495 narrato.
1192 4436 1231 4495 V.
1255 4442 1413 4498 155-175
