3246 5328
323 423 365 481 46
678 424 720 476 De
736 423 866 491 Aeschyli
887 424 1097 491 Agamemnone.

325 589 475 646 humanae
491 596 683 664 regerentur,
701 585 867 665 divinaque
883 588 999 647 iustitia
1013 597 1131 665 egerat3
1149 587 1209 646 iam
1226 588 1332 648 andita
1345 591 1458 650 'liciae

326 673 551 750 expugnatione
572 692 632 729 non
652 671 810 729 victoriam
828 671 977 746 celebrat,
999 671 1054 732 sed
1076 672 1186 750 cupide
1207 673 1265 732 hoc
1287 676 1459 753 exemplum

325 759 445 834 arripit,
468 777 527 836 quo
550 755 732 814 sententiam
753 775 845 833 supra
860 776 879 815 a
899 776 932 815 se
946 758 1131 835 propositam
1153 757 1342 836 comprobari
1359 769 1458 818 osten-

326 842 388 901 dat.
419 839 511 900 Unde
528 841 620 897 facile
644 847 786 918 apparet,
810 860 889 918 quae
908 839 947 899 de
963 841 1135 900 bominibus
1152 841 1190 899 ob
1207 843 1317 902 nimias
1335 844 1458 902 divitias

324 927 356 983 in
371 925 470 984 scelus
489 931 581 1002 atque
596 924 764 1001 perniciem
784 924 941 984 ruentibus
957 925 1096 984 dieantur
1104 927 1222 1002 ,magis
1236 937 1358 1005 propter
1373 929 1456 1004 Aga-

324 1027 511 1068 memnonem
528 1027 619 1105 quarn
639 1006 784 1066 Paridem
803 1007 880 1084 dici3
872 1019 931 1068 ·ut
948 1010 997 1069 bic
1011 1029 1127 1108 poenas
1144 1009 1278 1085 dederit,
1296 1013 1339 1071 ita
1355 1033 1456 1092 neque

323 1095 410 1152 illum
431 1093 611 1171 impunitum
633 1092 707 1150 foro.
754 1091 853 1190 Quam
874 1095 1056 1153 sententiam
1077 1095 1108 1152 in
1130 1094 1230 1153 animo
1254 1057 1338 1155 ebori
1360 1097 1455 1155 latere

325 1177 506 1253 intelligitur
522 1177 613 1233 etiam
636 1197 653 1234 6
668 1176 729 1233 fine
749 1177 905 1249 carminis,
927 1177 980 1236 ubi
996 1197 1085 1272 quae
1092 1179 1178 1236 initio
1194 1180 1291 1238 fusius
1307 1182 1455 1259 exposuit,

324 1263 442 1357 paucis
452 1259 657 1352 complectens
671 1249 821 1334 Ἐρινύες,
845 1221 958 1341 ἰιιρ1ιίι,
982 1250 1109 1338 τυχηρὸν
1130 1252 1194 1320 ὅντ’
1217 1253 1454 1335 ανευ·(1ίιιαςιι-

324 1333 402 1403 θεῖσ’
426 1332 561 1419 ἀμαυρόν
587 1364 666 1424 sqq,
694 1361 772 1424 quae
800 1344 896 1404 verba
922 1346 960 1405 (16
987 1347 1052 1406 solo
1066 1346 1295 1423 Agamemnone
1324 1349 1456 1425 intelligi

324 1439 460 1508 possunt,

390 1531 514 1587 Initium
531 1528 671 1586 carminis
687 1527 789 1586 hunc
781 1550 813 1587 ιιι
829 1529 949 1589 modum
964 1530 1241 1611 interpungendum
1258 1531 1392 1592 videtur:

619 1618 693 1698 Διὸς
710 1620 859 1706 alaydi}
841 1647 958 1730 εχρυσιν
974 1630 1081 1690 εἰπεῖν·

616 1706 747 1811 Πάρεσιι
763 1708 850 1772 τοῦτό
866 1737 884 1792 γ
886 1706 1091 1794 ’ἔξιχνεῦσαι,

615 1787 781 1874 Ἕιιραξεν,
801 1787 842 1870 ὧς
855 1797 988 1879 ἔκρανεν.

389 1899 472 1960 lovis
489 1899 594 1973 ictum,
618 1919 706 1978 quo
696 1909 798 1959 sontes
820 1901 976 1978 percellit,
996 1901 1091 1960 Troia
1107 1911 1282 1980 expugnata
1295 1901 1453 1962 celebrare

325 1985 407 2044 licet.
452 1985 489 2042 In
504 1994 622 2062 promtu
641 1994 686 2043 est
707 1985 764 2043 boc
786 1985 1004 2062 investigasse:
1023 1987 1140 2064 Iupiter
1156 1989 1244 2061 fecit,
1259 1997 1292 2045 ut
1310 1987 1452 2059 confecit,

325 2072 344 2128 i.
363 2091 390 2127 6.
407 2070 507 2126 omnia
523 2069 560 2127 (16
584 2069 710 2128 consilio
729 2089 783 2128 sno
807 2071 878 2146 egit.
923 2071 992 2130 Nisi
1014 2067 1138 2144 ἔπραξεν
1154 2071 1192 2129 (16
1209 2071 1321 2130 Paride
1337 2072 1451 2130 intelli-

324 2174 396 2231 gere
413 2155 516 2212 malis:
537 2154 650 2212 Passus
669 2163 729 2228 est,
747 2154 850 2234 qualia
866 2156 1022 2220 commisit.
1056 2157 1231 2236 Sequuntur
1245 2155 1356 2216 verba:

616 2255 655 2314 V.
667 2264 728 2318 360.
760 2240 825 2311 Oris
840 2251 899 2352 ἔργα
912 2276 956 2325 τις

620 2328 714 2410 Θεοὺς
728 2338 842 2434 βροτῶν
856 2329 1015 2410 ἀξιοῦσθαι
1026 2336 1124 2415 μέλειν

602 2456 612 2482 ι
617 2411 865 2491 Ὅσοιςοίθίιιτων
879 2416 968 2521 χάρις

618 2495 1070 2585 Παιοῖθ’·6(1’6ὐκεύσεβης.

618 2579 827 2690 thathtL
840 2585 980 2669 ἐγγόνους

618 2665 805 2752 Ἀτολμηιων
814 2667 926 2772 Ἀρη

618 2754 777 2818 Πνεόνιαιν
790 2762 890 2855 μεῖζον
904 2781 924 2834 ιγ
912 2749 1078 2857 δικαίως,

619 2837 776 2942 Φλεόυιιρν
793 2832 968 2920 δωμάτων
951 2841 1100 2922 υπέρφευ,

620 2918 713 3007 Όιιερ
725 2949 757 2987 ιο
747 2917 926 3006 βέλτιστον.

325 3053 384 3113 quo
398 3033 466 3089 loco
481 3027 524 3100 τίς
539 3029 578 3088 ad
594 3031 699 3090 nescio
715 3050 805 3110 quem
820 3032 941 3090 atheum
955 3031 1081 3104 referre,
1093 3040 1127 3090 ut
1137 3031 1248 3092 Blomf.
1265 3031 1338 3090 fecit
1340 3029 1451 3108 ,plane

325 3118 471 3176 absonum
499 3125 558 3189 est3
581 3116 733 3212 significat
760 3117 840 3174 enim
867 3116 1042 3189 nonnullos,
1066 3078 1190 3190 multos,
1210 3125 1244 3175 ut
1263 3116 1451 3195 saepissime.

324 3200 416 3280 Quod
429 3159 623 3258 Hermarinus
645 3192 778 3277 ἐγγόνοις
799 3200 918 3276 scribit,
945 3202 1010 3260 eins
1032 3209 1164 3284 mentem
1178 3202 1359 3278 interpretes
1378 3199 1452 3258 mibi

284 3319 286 3326 ·
323 3289 422 3345 minus
436 3294 520 3342 recte
537 3284 729 3344 intellexisse
748 3282 855 3344 vident
843 3295 899 3344 t.ur
944 3287 1054 3365 Neque
1073 3286 1152 3344 enim
1144 3277 1228 3362 ἔγγ.
1247 3284 1287 3342 ad
1301 3286 1451 3347 Troiano·

323 3391 389 3430 rum
408 3378 534 3447 nepotes
555 3367 607 3426 vel
626 3377 763 3448 posteros
786 3371 895 3429 referri
918 3380 1032 3448 potest,
1055 3369 1109 3429 sed
1132 3370 1284 3444 sententia
1298 3369 1451 3446 generalis

324 3467 370 3516 est
379 3478 387 3532 3
408 3454 538 3533 posteris
555 3453 708 3512 hominurn
732 3455 931 3531 improborum
953 3475 1101 3534 apparere
1122 3455 1165 3513 ait
1183 3455 1268 3513 Deos
1283 3473 1382 3512 rerum
1396 3453 1450 3510 hu-

322 3559 478 3600 manarum
496 3539 631 3598 curiosos
655 3559 738 3616 esse3
759 3540 877 3599 scilicet
894 3541 988 3599 exitio
1005 3541 1148 3598 maiorum
1164 3538 1289 3596 edoctis
1332 3538 1451 3596 Tamen

321 3645 424 3707 neque
441 3625 519 3684 haec
534 3644 589 3683 sen
590 3625 688 3682 tentia
703 3644 770 3682 cum
786 3625 914 3684 caeteris
930 3625 1093 3698 consentit,
1112 3622 1219 3701 quibus
1237 3617 1393 3678 omnibus'
1384 3633 1450 3693 rpse

322 3709 525 3790 improbus
496 3729 537 3766 ια
525 3700 647 3766 ιιάθει
668 3711 778 3783 μαθεῖν
796 3707 869 3767 dicit
857 3718 920 3784 tu,r
941 3728 1043 3788 neque
1061 3717 1249 3785 posterorum
1263 3703 1377 3760 mentio
1393 3699 1450 3756 boc

321 3793 388 3851 loco
405 3767 560 3851 commode
576 3811 676 3871 neque
692 3791 731 3849 ad
745 3792 896 3852 Troianos
908 3811 1009 3872 neque
1025 3789 1065 3847 ad
1078 3789 1337 3864 Agamemnonem
1352 3794 1449 3843 trans·

322 3877 396 3934 ferri
410 3886 521 3952 potest
552 3875 649 3956 Atqui
664 3875 839 3952 generalem
856 3875 1037 3936 sententiam
1051 3871 1175 3930 verbis'
1167 3888 1276 3942 messe,
1293 3889 1354 3947 qua
1364 3870 1448 3927 Deo·

234 3971 237 3978 ’
321 3978 388 4015 rum
415 3959 640 4036 providentiam
667 3979 815 4036 apparere
847 3960 978 4030 dicatur,
1006 3955 1130 4013 dubium
1155 3972 1221 4012 esse
1247 3973 1309 4010 non
1336 3963 1389 4032 pot
1377 3961 1449 4013 t.est

321 4039 414 4100 Unde
433 4051 517 4099 recte
537 4040 652 4099 vidisse
671 4061 733 4098 non
760 4041 863 4100 dubito
882 4040 1074 4118 Emporium,
1096 4028 1171 4112 ’Ἇρη
1192 4046 1362 4114 corruptum
1382 4056 1449 4097 esse

323 4124 562 4197 existimantem,
582 4142 684 4202 neque
707 4125 787 4182 enim
811 4125 841 4182 h.
859 4125 881 4182 l.
902 4123 940 4182 de
961 4121 1044 4180 bello
1065 4122 1179 4198 agitur,
1200 4120 1256 4178 sed
1277 4120 1316 4180 de
1331 4121 1449 4181 scelere

323 4207 361 4264 ob
381 4206 490 4263 nimias
510 4166 597 4263 div’it·
575 4213 633 4264 tres
654 4207 903 4284 superbientium.
947 4201 1039 4283 Μέγα
1058 4209 1145 4263 ιινεῑν
1166 4213 1266 4264 autem
1287 4205 1325 4264 (16
1345 4225 1448 4285 super·

322 4288 476 4349 bientibus
493 4288 582 4348 dici
573 4309 605 4346 ιιι
621 4289 730 4387 vulgus
748 4300 860 4350 notum.
899 4291 1010 4369 Neque
1027 4290 1077 4348 hic
1093 4289 1176 4350 locus
1192 4290 1267 4350 satis
1280 4299 1364 4349 recte
1381 4311 1448 4348 cum

322 4375 390 4434 loeo
402 4373 595 4432 conferrit
524 4381 595 4470 ’utpo
597 4381 642 4430 est
649 4417 656 4446 ,
672 4373 739 4469 qui
745 4374 825 4431 infra
840 4374 878 4434 de
896 4373 1142 4451 Clytaemnestra
1157 4375 1284 4452 legitur·
1310 4364 1448 4432 Θυουσαν

311 4448 420 4516 ‘'Ardoo
436 4444 532 4533 μητέρ’
549 4443 739 4515 oi'orrovddv’
712 4476 728 4514 ι
746 4447 843 4536 ’Ἄρην
854 4457 952 4534 φίλοις
966 4455 1126 4534 πνέουσαν,
1138 4459 1230 4540 qnol.
1244 4477 1299 4535 pro
1313 4449 1448 4515 θύουσαν
