3246 5328
300 390 340 451 70
539 392 572 442 In
588 393 740 457 fragmenta
754 388 860 458 aliquot
875 395 1017 458 poetarum
1032 388 1202 440 comicorum.

552 544 665 652 τέρας’
652 544 798 628 οπτήσας,
813 547 931 649 μεγάλῳ
946 553 1067 631 βασιλεῖ

554 629 669 718 θερμὴν
684 636 839 717 παρέθηκε
856 630 998 715 κάμηλον.

367 747 402 806 V.
419 753 435 807 7
453 733 523 801 ὅλον
540 738 653 816 τέρας“
645 760 771 818 magere
787 739 932 798 absonum
947 738 1078 798 videtur.
1108 737 1306 797 Emendandi
1321 737 1437 816 duplex

303 835 363 893 via.
394 830 475 889 Nam
490 835 543 884 aut
556 818 629 899 ὅλην
645 824 838 886 scribendum
849 824 953 903 ‚quod
967 825 1112 902 virgula'
1104 834 1182 883 mter
1200 843 1268 882 eam
1282 844 1390 882 vocem
1408 833 1438 881 et

302 915 386 987 τέρας
401 915 501 994 posita
516 931 583 968 eam
606 900 739 985 κάμηλον
758 912 915 988 iungatur,
937 920 1004 984 aut,
1029 909 1109 988 quod
1125 910 1222 986 magis
1240 908 1349 986 probo,
1366 899 1437 965 ὅσον

302 999 385 1080 τέρας
400 994 602 1068 scribendum,
618 1005 652 1054 ut
665 996 763 1055 verba
777 997 837 1054 sint
852 996 1063 1054 exclamantia

366 1084 413 1144 Id.
434 1084 490 1146 IV
508 1101 538 1159 p.
556 1088 607 1141 134
627 1100 654 1136 a
672 1070 830 1152 ”Αλεξις(1’
855 1076 887 1137 ἕν
886 1077 1104 1178 Ταραντίνοις
1130 1073 1161 1134 ἕν
1183 1081 1245 1148 τοῖς
1265 1078 1459 1154 συμποσίοις.

303 1167 377 1248 φησὶ
395 1157 464 1237 τούς
475 1153 627 1233 Ἀττικοῦς
643 1159 694 1220 καὶ
714 1153 865 1242 ὀρχεῖσθαι
881 1154 1063 1234 ὑποπιόντας

558 1263 653 1322 Τοῦτο
671 1253 728 1340 γάρ
744 1263 801 1321 νῦν
816 1261 877 1322 ἔστι
893 1279 938 1322 σοι

432 1348 463 1409 ἐν
477 1353 541 1420 ταῖς
550 1339 697 1446 Ἀθήναις
711 1351 775 1445 ταῖς
792 1351 894 1419 καλαῖς
911 1341 1084 1446 ἐπιχώριον·

432 1429 560 1506 ἅπαντες
575 1423 700 1512 ὄρχοῦντ
705 1417 841 1504 ἐὖθάς,
862 1421 899 1489 ἀν
915 1431 1000 1491 οἴνου
1013 1426 1108 1537 μάνου

431 1509 526 1598 ὀσμὴν
543 1516 639 1578 ἴδωσι.
671 1520 705 1576 Β.
722 1505 880 1616 συμφοράν
896 1512 1028 1594 λέγεις”
993 1540 1056 1616 αρ
1073 1509 1119 1575 66.

393 1621 409 1671 5
435 1610 473 1664 A.
489 1591 615 1681 φαίης
597 1625 637 1662 αν
651 1601 692 1672 εἰς
706 1596 868 1679 συμπόσιον
881 1591 1056 1672 ελςελθο1ν”
1036 1623 1132 1676 αφνω.

432 1687 483 1749 καὶ
497 1693 565 1784 τοῖς
573 1685 628 1787 μὲν
633 1678 820 1830 ἔνἰγενείοις”
804 1700 874 1756 ισοις
892 1682 993 1744 ἔπεστί
1003 1707 1047 1754 τις

432 1768 533 1874 χμὶρις·
549 1760 648 1832 8666
647 1762 707 1830 πάν
724 1759 804 1847 δὴ
777 1791 828 1829 τον
842 1763 942 1869 γόητα
954 1762 1100 1829 Θεόδοτον

438 1882 458 1936 η
473 1879 525 1917 τον
540 1849 773 1960 παραμασύντην
790 1846 887 1914 666
858 1875 910 1913 τον
924 1846 1047 1912 ἆνόσιον

434 1938 582 2048 βαυκιζ’μ
544 1963 559 2002 ο
583 1963 651 2002 ενον
665 1932 700 2000 τά
716 1931 845 1999 λενκάτ
852 1927 1099 2038 άναβάλλονθ
1086 1928 1148 2034 666

383 2045 417 2095 10
433 2023 555 2107 ἥδιστον
561 1968 789 2103 ἀναπήξαιμ’
771 2047 809 2083 αν
824 2013 916 2084 αὐτὸν
931 2021 979 2083 ἐπὶ
994 2044 1047 2083 του
1034 2013 1152 2095 ξύλου
1166 2014 1276 2098 λαβών.

371 2153 410 2212 V.
425 2159 451 2212 4.
477 2149 691 2208 Oasaubonus:
708 2131 875 2221 Σνμφοράν
890 2135 966 2240 σέμ’
984 2141 1102 2223 εἰςοροῖν
1117 2139 1209 2215 φαιης
1222 2160 1268 2197 αν
1298 2141 1393 2200 Dind.
1407 2145 1441 2199 Β.

308 2223 489 2332 Συμφοράν
496 2231 588 2333 λέγεις
612 2223 697 2312 6666.
724 2232 763 2287 A.
784 2229 881 2327 Φαίης
905 2215 1005 2286 66—
1026 2247 1152 2308 quorum
1172 2233 1312 2285 neutrum
1336 2247 1442 2284 verum

310 2331 365 2381 est.
394 2309 482 2378 Pro'
470 2309 517 2394 ἄρ’
534 2339 572 2376 66
586 2305 816 2376 scribendum
796 2335 888 2414 αμαν
880 2313 1190 2418 quodestprorsue.
1208 2311 1248 2371 V
1261 2321 1294 2372 10
1309 2311 1442 2370 seriben

310 2407 365 2465 dus
381 2404 517 2463 videtur:
530 2392 650 2460 Ἠδιστ’
675 2388 895 2475 αἰναπηξαιμΗ
875 2422 914 2458 αν
930 2394 977 2455 ἐπὶ
992 2418 1045 2456 του
1033 2387 1150 2470 ξύλου
1170 2387 1278 2472 λαβων.

247 2501 291 2515 ”
370 2505 478 2564 IdIV
479 2525 533 2602 ,p.
556 2502 641 2566 1691.
671 2490 906 2579 Εὔβουλοςι1ἒ
907 2495 1019 2560 ν’Ίωνι
1041 2519 1090 2556 και
1083 2491 1233 2575 βατανια
1248 2517 1298 2554 και
1314 2515 1444 2553 πατανια

308 2587 383 2669 λέγει
400 2587 433 2649 ἐν
448 2583 563 2658 τούτοις

518 2681 632 2786 Τρυβλί
632 2709 651 2744 α
620 2683 698 2745 666
714 2707 765 2743 και
757 2675 909 2780 βατάνια
925 2705 974 2742 και
965 2676 1144 2760 κακκάβια
1159 2679 1209 2740 καὶ

518 2765 644 2830 λοπάδια
659 2767 709 2828 καὶ
726 2760 857 2828 πατάνια
873 2762 987 2826 πνκινά
995 2765 1146 2847 ,ταρφέα,

517 2845 638 2914 κοτί(1’Ἀ
619 2871 657 2914 αν
673 2852 763 2932 λέγων
778 2851 897 2930 λέξαιμι.

310 2964 370 3021 Ρτο
385 2955 496 3036 λέξαιμι
512 2958 612 3018 scribe
631 2947 757 3032 λη’ξαιμι.

373 3062 420 3121 Id.
436 3061 495 3134 ΙΠ,
511 3061 580 3124 981.
599 3048 681 3118 Κατά
699 3047 757 3136 γάρ
774 3049 826 3114 τὸν
838 3043 1033 3130 Ἀντιφάνους
1047 3045 1205 3130 Κλεοφάνη

644 3148 684 3216 Τὸ
700 3155 731 3216 (11
746 3161 905 3234 τυραννεῖν
920 3152 1013 3229 ἔστιν,

520 3231 540 3319 6
535 3232 587 3300 τί
599 3261 669 3300 ποτε
686 3263 719 3301 το
709 3233 896 3300 σπουδαῖον
911 3234 1125 3298 άκολουθεῖν”
1108 3260 1169 3316 ερις

520 3325 552 3387 ἕν
572 3348 612 3408 τῳ
601 3327 753 3426 Λυκείῳ
768 3318 841 3403 μετά
855 3325 1003 3402 σοφιστῶν
1017 3315 1055 3400 νὴ
1074 3323 1132 3422 Δία

520 3390 649 3486 λεπτῶν,
665 3404 790 3510 ἀσίτων,
806 3410 952 3484 συκίνων,
970 3398 1089 3488 λέγονθ’
1107 3400 1152 3468 ότι

519 3488 552 3557 τό
570 3496 694 3598 πρᾶγμα
707 3488 788 3555 τοῦτ’
806 3487 862 3555 οὐκ
879 3493 974 3594 ἔστιν,
993 3494 1076 3593 εἴπερ
1092 3493 1232 3572 γίγνεται.

438 3617 441 3623 ·
518 3573 621 3644 066’''
603 3597 664 3640 εστι
676 3575 733 3659 γάρ
744 3600 791 3639 πω
805 3574 1008 3659 μιγνόμενονο
995 3571 1156 3658 ‘'ytyvam
1172 3600 1238 3658 sqq

373 3685 507 3743 Primum
529 3703 650 3742 versum
671 3683 765 3741 facile
786 3691 873 3759 patet
894 3670 1103 3758 corrigendun'r
1125 3700 1207 3740 esse:
1231 3669 1272 3737 T6
1290 3675 1322 3738 66
1337 3699 1445 3756 τυραν-

311 3773 376 3826 νεῖν
388 3765 447 3825 ἕστι
460 3767 503 3839 τί,
496 3791 502 3802 ·
521 3767 558 3825 Ι11
574 3769 671 3826 altero
683 3787 775 3825 versu
785 3776 878 3840 reete,
894 3776 929 3825 ut
940 3766 1026 3825 videt
1014 3775 1070 3840 tur,
1087 3767 1227 3842 Scaliger
1242 3759 1325 3842 ἐρεῖς.
1349 3763 1445 3824 Dind.

310 3873 417 3910 vocem
442 3855 600 3925 τυραννεῖν
629 3860 802 3930 suspectam
829 3851 938 3919 habet;
962 3851 1018 3910 sed
1040 3814 1078 3910 (111
1100 3871 1184 3910 nexu
1209 3849 1246 3908 ob
1270 3869 1372 3908 eorum
1393 3849 1446 3926 qui

312 3935 537 3993 antecedebant
557 3938 704 3994 iacturam
726 3935 852 3994 difficile
874 3934 1029 3993 iudicium.
1060 3935 1159 4013 Quem
1170 3936 1252 3993 hunc
1267 3934 1398 3992 maxime
1414 3933 1446 3990 in

311 4010 433 4076 modum
445 4017 669 4094 expediendum
685 4019 826 4076 iudicem
851 4020 1027 4079 Sermonem
1042 4030 1117 4097 puta
1132 4020 1170 4078 de
1184 4019 1352 4077 Aristotele
1367 4037 1445 4090 esse,

313 4123 331 4160 a
346 4123 406 4180 quo
426 4105 479 4181 qui
500 4101 701 4160 informati
677 4111 738 4160 emt
762 4102 905 4182 discipuli
927 4124 990 4162 non
1012 4105 1055 4163 ita
1071 4106 1174 4182 magni
1191 4102 1349 4162 faciendos
1368 4101 1446 4159 iudi-

313 4188 460 4245 natenius
488 4185 543 4242 illa
570 4195 640 4245 sunt
669 4187 774 4246 verba.
812 4189 992 4247 Instituerat
1015 4190 1101 4249 Arist
1089 4198 1134 4249 tto
1122 4190 1200 4248 teles
1223 4185 1447 4259 Alexandrum,

312 4271 393 4330 idem
413 4272 445 4330 in
460 4271 567 4348 Lyceo
589 4270 661 4328 inde
683 4271 721 4328 ab
739 4291 819 4328 anno
836 4282 888 4336 333
906 4294 934 4330 a.
953 4272 1022 4331 Ohr.
1043 4296 1072 4332 11.
1089 4273 1227 4333 docebat.
1257 4271 1341 4350 Quid
1356 4271 1447 4348 igitur

313 4376 379 4415 esse
400 4365 563 4436 tyrannum
585 4355 765 4413 informasse
787 4357 839 4414 vel
862 4357 1012 4435 sophistas
1036 4359 1143 4436 quales
1171 4359 1202 4414 in
1229 4358 1352 4434 Lyceo,
1376 4354 1446 4412 dum

312 4442 445 4519 argutias
459 4449 490 4500 et
504 4441 644 4500 acumina
660 4439 887 4500 dialecticorum
904 4450 1042 4520 captent,
1059 4439 1237 4519 ineptiant?
