3246 5328
550 367 591 419 De
612 365 741 434 Aeschyli
758 368 969 436 Agamemnone.
1290 371 1331 432 37
1382 367 1388 380 l

195 532 355 611 probabile
373 541 433 607 est,
450 533 509 592 nisi
524 531 602 590 haec
618 531 726 592 eadem
747 533 832 592 chori
848 523 920 610 ζυγᾶ
934 545 1046 597 essent.
1086 537 1177 597 Unde
1196 540 1332 616 sequitur

197 619 287 676 ctiam
308 619 340 675 in
354 617 412 676 hac
429 617 535 675 fabula
550 635 596 674 ΧΠ
613 617 774 676 choreutas
798 618 903 678 fuisse.
936 619 1046 700 Neque
1063 622 1190 680 enimin
1207 623 1330 698 fabulis,

196 723 274 782 quae
291 722 333 761 xv
348 703 401 761 vel
415 721 470 761 x1v
487 701 644 760 choreutas
660 701 793 776 habent,
817 703 951 760 carmina
969 725 987 762 a
1007 705 1145 782 partibus
1161 706 1244 765 chori
1259 729 1329 768 can·

194 797 259 846 tata
273 787 481 865 reperiuntur,
502 805 629 864 quorum
644 794 787 863 quattuor
803 787 856 843 vel
872 795 940 853 octo
956 798 1103 846 commata
1119 793 1330 868 autstrophae

196 873 265 932 sint.
296 873 333 930 In
350 872 459 948 Suppl.
477 879 578 928 autem
600 888 646 928 x11
663 870 823 928 choreutas
839 870 935 928 fuisse
955 891 991 929 eo
1016 873 1223 947 confirmatur,
1246 877 1329 953 quod

194 975 240 1015 xn
257 964 406 1014 commata
422 963 493 1012 sunt
507 955 647 1012 carminis
663 976 693 1013 v.
711 964 779 1018 1019
793 974 860 1033 sqq.
886 955 966 1014 inter
980 955 1116 1032 singulas
1132 958 1327 1018 semiclrorio-

193 1062 259 1100 rum
273 1059 420 1118 personas
438 1037 650 1098 distribuendi.

256 1124 292 1180 In
308 1123 436 1183 caeteris
453 1122 604 1202 Aeschyli
619 1121 731 1181 fabulis
746 1122 833 1180 nulla
850 1123 984 1181 carmina
999 1130 1083 1196 sunt,
1100 1143 1179 1203 quae
1195 1144 1214 1182 a
1228 1122 1327 1202 ζυγοῖς

196 1207 280 1266 chori
296 1214 419 1265 cantata
435 1227 503 1266 esse
517 1206 668 1286 probabili
685 1215 863 1284 argumento
880 1207 1082 1267 demonstrari
1096 1209 1202 1286 possit.
1250 1271 1253 1275 ,

725 1559 779 1642 Π.

442 1712 497 1784 De
518 1713 704 1806 Aeschyli·
722 1713 1004 1804 Agamemnone
1018 1723 1058 1803 *).

650 1895 858 1903 .------

342 1996 399 2070 lluo
421 2000 620 2062 seotcullarum
641 2019 711 2064 ncru
732 2000 809 2062 chori
830 2000 953 2062 mrnlua
973 2001 1174 2064 contineantur.

255 2118 371 2177 Chorus
395 2127 558 2197 postquam
580 2139 703 2178 scenam
723 2118 862 2188 intravit,
891 2117 923 2174 in
944 2119 1118 2194 praemissis
1145 2123 1319 2196 anapaestis

126 2255 128 2260 .
190 2205 234 2261 ita
249 2224 282 2262 se
298 2205 397 2262 animo
414 2204 555 2262 affectum
572 2203 729 2275 describit,
745 2210 779 2259 ut
797 2201 1018 2278 impatientiam
1033 2202 1108 2261 belli
1122 2205 1153 2261 in
1170 2202 1320 2262 decimum

189 2289 248 2346 'iam
271 2309 382 2346 annum
402 2289 547 2366 protracti
570 2286 612 2364 (v.
630 2296 665 2347 40
687 2282 841 2342 δέκατον
863 2279 917 2360 μὲν
943 2281 1006 2355 ἔτος
1029 2277 1091 2344 τόδ’
1114 2288 1213 2366 sqq.),
1235 2305 1319 2366 spem

190 2393 275 2432 suam
296 2373 360 2432 fore
382 2382 417 2431 ut
443 2373 542 2431 scelus
565 2369 685 2430 Paridis
701 2371 773 2428 licet
794 2389 861 2428 sero
874 2371 1018 2448 puniatur
1034 2370 1077 2450 (v.
1094 2382 1128 2435 58
1145 2367 1318 2449 ὑστερόποτ-
1383 2379 1385 2384 ‘

189 2477 243 2515 νον
257 2445 411 2535 Ἐρινύν),
434 2457 581 2529 dolorem,
604 2453 685 2533 quod
700 2455 810 2512 misera
825 2461 966 2513 senectus
980 2475 1013 2513 se
1027 2456 1165 2516 inutilem
1184 2465 1214 2516 et
1231 2459 1319 2517 inho-

189 2551 327 2600 noratum
344 2542 422 2601 domi
443 2559 599 2598 remanere
616 2540 759 2615 coegerit,
777 2540 1052 2616 exspectationem,
1072 2561 1161 2619 quam
1179 2541 1216 2598 ob
1233 2562 1318 2600 caus-

189 2627 253 2684 sam
277 2625 522 2704 Clytaemnestra
541 2624 693 2682 sacrificet
717 2632 746 2680 et
768 2622 841 2702 quid
855 2624 928 2681 novi
943 2643 1046 2682 secum
1063 2625 1319 2683 communicatura

188 2712 241 2782 sit,
263 2731 337 2788 prae
364 2710 490 2770 caeteris
517 2717 617 2766 alitem
639 2707 875 2766 sollicitudinem
897 2707 1050 2785 quandam
1066 2719 1095 2769 et
1118 2731 1235 2784 curam,
1257 2731 1318 2789 qua

189 2797 304 2854 animus
320 2816 390 2854 suus
411 2801 649 2864 commoveatur,
667 2793 825 2870 exprimat.
856 2792 974 2867 Verba,
991 2795 1099 2873 quibus
1116 2796 1220 2874 primis
1237 2795 1317 2854 hanc

189 2901 290 2938 curam
309 2880 473 2956 significat,
491 2877 676 2956 perobscura
691 2885 777 2935 sunt:

452 2979 491 3037 V.
507 2986 548 3040 67.
566 2968 698 3033 -Ἔστι
717 2966 746 3033 δ’
764 2967 823 3050 ὅπη
837 2975 895 3034 νῦν

453 3058 528 3119 ἔστι·
546 3063 670 3120 τελεῖται
688 3047 715 3116 δ’
734 3055 761 3130 ἐς
776 3049 808 3118 sil
823 3058 1033 3138 πεπρωμένον

451 3131 522 3202 ote'
540 3135 711 3203 ὑποκλαίων
730 3133 803 3202 οὔθ’
819 3134 986 3222 ὑπολείβών

449 3219 574 3304 ἀπύρων
591 3227 688 3305 ἱερῶν-

450 3302 539 3389 (laycis
552 3303 665 3382 ἀτενεῖς
680 3309 866 3391 παραθέλξει.

185 3412 223 3470 ab
236 3410 435 3470 Humboldtio
448 3413 491 3470 ita
506 3413 673 3486 intellecta,
691 3423 725 3472 ut
739 3413 889 3472 sacrificia
903 3414 975 3490 igne
988 3415 1133 3486 carentia,
1149 3415 1179 3472 h.
1192 3435 1218 3472 e.
1235 3434 1314 3492 quae

183 3497 276 3575 plane
292 3515 352 3554 non
372 3497 542 3554 sacrificata
564 3497 707 3571 fuissent,
729 3498 994 3574 interpretaretur3
1017 3498 1096 3554 sicut
1116 3496 1207 3556 Ovid.
1228 3499 1313 3556 Fast.

183 3581 242 3639 ΙΙΙ.
262 3589 313 3642 306
336 3579 427 3660 dixit:
454 3583 572 3653 Respice
596 3584 778 3641 Thestiaden:
794 3585 914 3654 flammis
932 3583 1085 3638 absentibus
1101 3584 1184 3636 arsit.-
1209 3582 1314 3636 Caussa

183 3673 235 3737 cst,
259 3667 333 3738 quod
353 3667 475 3722 Phoebes
496 3685 560 3721 oro
581 3669 657 3722 sine
678 3671 756 3740 ipae
773 3667 837 3738 fuit.
872 3665 1015 3723 Etmox:
1037 3666 1097 3721 Dea
1118 3666 1314 3736 spretosbis

184 3761 274 3807 tomen
288 3753 346 3806 ulto
359 3751 379 3823 s
383 3767 472 3807 ocos.
504 3747 567 3808 sed
581 3749 655 3806 licet
671 3749 823 3809 sententia
838 3749 990 3826 generalis
1006 3749 1046 3806 sit
1058 3756 1087 3806 et
1102 3743 1144 3816 τίς
1157 3745 1312 3805 commode

183 3834 318 3911 suppleri
332 3835 440 3910 possit,
459 3842 561 3892 tamen
575 3853 635 3891 non
653 3833 850 3910 intelligitur,
868 3833 907 3891 ad
924 3853 1015 3911 quem
1031 3832 1139 3890 chorus
1150 3830 1197 3889 his
1210 3831 1312 3889 verbis

184 3918 322 3977 alludere
337 3919 592 3997 voluerit,.quum
610 3937 699 3978 nemo
717 3938 833 3990 eorum,
851 3917 1012 3996 dequibus
1029 3917 1154 3993 cogitat,
1171 3916 1235 3975 eius
1257 3917 1311 3974 cri·

183 4004 270 4062 minis
288 4023 357 4062 reus
381 4004 428 4062 sit.
459 4004 509 4060 Ex
532 4003 730 4082 sequentibus
753 4003 948 4080 intelligitur,
970 4022 1030 4082 quo
1051 4009 1209 4078 tantopere
1232 4021 1310 4060 com-

182 4097 338 4146 moveatur
358 4089 480 4159 chorus,
505 4107 572 4147 esse
588 4089 768 4147 sacrificium
782 4087 978 4164 Iphigeniae,
1000 4085 1082 4146 unde
1097 4087 1157 4144 iam
1171 4085 1228 4144 hoo
1242 4086 1309 4146 loco

265 4270 296 4334 ²¹⁶)
326 4272 410 4320 Edita
444 4273 473 4321 in
499 4277 699 4336 programmate
727 4273 863 4336 gymnasii
891 4273 1017 4338 primarii
1044 4273 1254 4323 Brunsvicensis
1280 4287 1306 4320 a.

179 4339 415 4392 MDccuxxxv.
454 4341 603 4392 censuram
622 4342 654 4391 G.
672 4343 823 4392 Hermanni
840 4359 866 4392 v.
887 4339 1308 4393 inZimmermanniDia1·.An-

180 4409 230 4472 tiq.
252 4409 373 4459 eiusdem
392 4412 513 4460 annino.
535 4411 585 4460 128
605 4426 645 4474 sq.
