<?xml version="1.0" encoding="UTF-8"?>
<!DOCTYPE html PUBLIC "-//W3C//DTD XHTML 1.0 Transitional//EN"
    "http://www.w3.org/TR/xhtml1/DTD/xhtml1-transitional.dtd">
<html xmlns="http://www.w3.org/1999/xhtml" xml:lang="en" lang="en">
 <head>
  <title>
</title>
<meta http-equiv="Content-Type" content="text/html;charset=utf-8" />
  <meta name='ocr-system' content='tesseract 3.04.00' />
  <meta name='ocr-capabilities' content='ocr_page ocr_carea ocr_par ocr_line ocrx_word'/>
</head>
<body>
  <div class='ocr_page' id='page_1' title='image "./fbambergeriopus00bambgoog_0064.png"; bbox 0 0 3230 5308; ppageno 0'>
   <div class='ocr_carea' id='block_1_1' title="bbox 557 393 1320 466">
    <p class='ocr_par' dir='ltr' id='par_1_1' title="bbox 557 393 1320 466">
     <span class='ocr_line' id='line_1_1' title="bbox 557 393 1320 466; baseline 0.003 -18"><span class='ocrx_word' id='word_1_1' title='bbox 557 397 714 466; x_wconf 85' lang='lat' dir='ltr'>apartibus</span> <span class='ocrx_word' id='word_1_2' title='bbox 730 397 806 448; x_wconf 90' lang='lat' dir='ltr'>chori</span> <span class='ocrx_word' id='word_1_3' title='bbox 822 397 949 450; x_wconf 82' lang='lat' dir='ltr'>cantatis.</span> <span class='ocrx_word' id='word_1_4' title='bbox 1282 393 1320 450; x_wconf 85' lang='lat'>15</span> 
     </span>
    </p>
   </div>
   <div class='ocr_carea' id='block_1_2' title="bbox 191 553 1320 641">
    <p class='ocr_par' dir='ltr' id='par_1_2' title="bbox 191 553 1320 641">
     <span class='ocr_line' id='line_1_2' title="bbox 191 553 1320 641; baseline -0.002 -19"><span class='ocrx_word' id='word_1_5' title='bbox 191 565 260 638; x_wconf 88' lang='lat' dir='ltr'>stis,</span> <span class='ocrx_word' id='word_1_6' title='bbox 275 562 426 622; x_wconf 89' lang='lat' dir='ltr'>interdum</span> <span class='ocrx_word' id='word_1_7' title='bbox 442 562 624 622; x_wconf 82' lang='lat' dir='ltr'><strong>carminibus</strong></span> <span class='ocrx_word' id='word_1_8' title='bbox 641 563 738 634; x_wconf 91' lang='lat' dir='ltr'>chori,</span> <span class='ocrx_word' id='word_1_9' title='bbox 756 582 835 641; x_wconf 89' lang='lat' dir='ltr'>quae</span> <span class='ocrx_word' id='word_1_10' title='bbox 850 559 971 640; x_wconf 87' lang='lat' dir='ltr'>parodis</span> <span class='ocrx_word' id='word_1_11' title='bbox 988 581 1078 640; x_wconf 86' lang='lat' dir='ltr'>quam</span> <span class='ocrx_word' id='word_1_12' title='bbox 1094 553 1229 620; x_wconf 88' lang='lat' dir='ltr'>stasimis</span> <span class='ocrx_word' id='word_1_13' title='bbox 1240 562 1320 620; x_wconf 91' lang='lat' dir='ltr'>simi-</span> 
     </span>
    </p>
   </div>
   <div class='ocr_carea' id='block_1_3' title="bbox 191 645 1411 726">
    <p class='ocr_par' dir='ltr' id='par_1_3' title="bbox 191 645 1411 726">
     <span class='ocr_line' id='line_1_3' title="bbox 191 645 1411 726; baseline 0.001 -20"><span class='ocrx_word' id='word_1_14' title='bbox 191 649 269 706; x_wconf 89' lang='lat' dir='ltr'>hora</span> <span class='ocrx_word' id='word_1_15' title='bbox 285 669 352 708; x_wconf 90' lang='lat' dir='ltr'>esse</span> <span class='ocrx_word' id='word_1_16' title='bbox 366 649 472 708; x_wconf 91' lang='lat' dir='ltr'>Herm</span> <span class='ocrx_word' id='word_1_17' title='bbox 490 648 606 706; x_wconf 90' lang='lat' dir='ltr'>iudicat</span> <span class='ocrx_word' id='word_1_18' title='bbox 594 645 647 724; x_wconf 83' lang='lat' dir='ltr'>t¹).</span> <span class='ocrx_word' id='word_1_19' title='bbox 675 647 790 704; x_wconf 87' lang='lat' dir='ltr'>Persae</span> <span class='ocrx_word' id='word_1_20' title='bbox 807 666 921 704; x_wconf 91' lang='lat' dir='ltr'>commo</span> <span class='ocrx_word' id='word_1_21' title='bbox 937 647 1047 716; x_wconf 80' lang='lat' dir='ltr'>finitur</span> <span class='ocrx_word' id='word_1_22' title='bbox 1066 645 1174 726; x_wconf 84' lang='lat' dir='ltr'>Suppl.</span> <span class='ocrx_word' id='word_1_23' title='bbox 1190 648 1322 707; x_wconf 80' lang='lat' dir='ltr'>carmine</span> <span class='ocrx_word' id='word_1_24' title='bbox 1408 645 1411 650; x_wconf 47' lang='lat'><strong>¹</strong></span> 
     </span>
    </p>
   </div>
   <div class='ocr_carea' id='block_1_4' title="bbox 187 729 1397 2842">
    <p class='ocr_par' dir='ltr' id='par_1_4' title="bbox 190 729 1322 962">
     <span class='ocr_line' id='line_1_4' title="bbox 192 729 1322 813; baseline 0 -21"><span class='ocrx_word' id='word_1_25' title='bbox 192 753 231 792; x_wconf 84' lang='lat' dir='ltr'>ex</span> <span class='ocrx_word' id='word_1_26' title='bbox 257 734 430 813; x_wconf 88' lang='lat' dir='ltr'>systematis</span> <span class='ocrx_word' id='word_1_27' title='bbox 452 754 491 792; x_wconf 82' lang='lat' dir='ltr'>ex</span> <span class='ocrx_word' id='word_1_28' title='bbox 517 735 578 791; x_wconf 91' lang='lat' dir='ltr'>ion.</span> <span class='ocrx_word' id='word_1_29' title='bbox 603 752 622 789; x_wconf 90' lang='lat' dir='ltr'>a</span> <span class='ocrx_word' id='word_1_30' title='bbox 641 731 730 804; x_wconf 83' lang='lat' dir='ltr'>min,</span> <span class='ocrx_word' id='word_1_31' title='bbox 753 729 886 810; x_wconf 87' lang='lat' dir='ltr'>denique</span> <span class='ocrx_word' id='word_1_32' title='bbox 903 729 991 790; x_wconf 85' lang='lat' dir='ltr'>Eum.</span> <span class='ocrx_word' id='word_1_33' title='bbox 1010 751 1131 790; x_wconf 88' lang='lat' dir='ltr'>carmen</span> <span class='ocrx_word' id='word_1_34' title='bbox 1155 732 1239 792; x_wconf 91' lang='lat' dir='ltr'>chori</span> <span class='ocrx_word' id='word_1_35' title='bbox 1259 753 1322 792; x_wconf 88' lang='lat' dir='ltr'>non</span> 
     </span>
     <span class='ocr_line' id='line_1_5' title="bbox 190 813 1321 895; baseline 0.001 -19"><span class='ocrx_word' id='word_1_36' title='bbox 190 818 276 894; x_wconf 81' lang='lat' dir='ltr'>legi</span> <span class='ocrx_word' id='word_1_37' title='bbox 268 839 321 876; x_wconf 87' lang='grc' dir='ltr'>ιιιιι</span> <span class='ocrx_word' id='word_1_38' title='bbox 336 819 368 875; x_wconf 94' lang='lat' dir='ltr'>in</span> <span class='ocrx_word' id='word_1_39' title='bbox 382 819 442 877; x_wconf 88' lang='lat' dir='ltr'>fine</span> <span class='ocrx_word' id='word_1_40' title='bbox 459 817 566 890; x_wconf 89' lang='lat' dir='ltr'>habet,</span> <span class='ocrx_word' id='word_1_41' title='bbox 588 815 642 874; x_wconf 89' lang='lat' dir='ltr'>sed</span> <span class='ocrx_word' id='word_1_42' title='bbox 660 836 777 888; x_wconf 87' lang='lat' dir='ltr'>eorum,</span> <span class='ocrx_word' id='word_1_43' title='bbox 793 835 812 873; x_wconf 89' lang='lat' dir='ltr'>a</span> <span class='ocrx_word' id='word_1_44' title='bbox 828 813 937 895; x_wconf 89' lang='lat' dir='ltr'>quibus</span> <span class='ocrx_word' id='word_1_45' title='bbox 954 814 1141 874; x_wconf 81' lang='lat' dir='ltr'>Eumenides</span> <span class='ocrx_word' id='word_1_46' title='bbox 1155 816 1321 877; x_wconf 78' lang='lat' dir='ltr'>honorifice</span> 
     </span>
     <span class='ocr_line' id='line_1_6' title="bbox 193 901 642 962; baseline -0.005 -2"><span class='ocrx_word' id='word_1_47' title='bbox 193 902 232 961; x_wconf 94' lang='lat' dir='ltr'>ad</span> <span class='ocrx_word' id='word_1_48' title='bbox 247 902 336 962; x_wconf 87' lang='lat' dir='ltr'>sedes</span> <span class='ocrx_word' id='word_1_49' title='bbox 355 922 424 960; x_wconf 91' lang='lat' dir='ltr'>suas</span> <span class='ocrx_word' id='word_1_50' title='bbox 441 901 642 960; x_wconf 63' lang='lat' dir='ltr'>deducuntur</span> 
     </span>
    </p>

    <p class='ocr_par' dir='ltr' id='par_1_5' title="bbox 188 965 1324 1979">
     <span class='ocr_line' id='line_1_7' title="bbox 254 965 1321 1062; baseline -0.002 -15"><span class='ocrx_word' id='word_1_51' title='bbox 254 965 385 1047; x_wconf 83' lang='lat' dir='ltr'>Multum</span> <span class='ocrx_word' id='word_1_52' title='bbox 403 987 552 1045; x_wconf 79' lang='lat' dir='ltr'>referiat</span> <span class='ocrx_word' id='word_1_53' title='bbox 522 994 638 1044; x_wconf 88' lang='lat' dir='ltr'>atttene</span> <span class='ocrx_word' id='word_1_54' title='bbox 657 984 790 1042; x_wconf 89' lang='lat' dir='ltr'>carmina</span> <span class='ocrx_word' id='word_1_55' title='bbox 811 983 1035 1056; x_wconf 49' lang='lat' dir='ltr'>observasses</span> <span class='ocrx_word' id='word_1_56' title='bbox 1027 1003 1058 1040; x_wconf 89' lang='grc' dir='ltr'>ιιι</span> <span class='ocrx_word' id='word_1_57' title='bbox 1080 982 1188 1062; x_wconf 90' lang='lat' dir='ltr'>quibus</span> <span class='ocrx_word' id='word_1_58' title='bbox 1212 986 1321 1046; x_wconf 89' lang='lat' dir='ltr'>mediis</span> 
     </span>
     <span class='ocr_line' id='line_1_8' title="bbox 191 1068 1322 1166; baseline 0 -37"><span class='ocrx_word' id='word_1_59' title='bbox 191 1071 272 1130; x_wconf 81' lang='lat' dir='ltr'>subit</span> <span class='ocrx_word' id='word_1_60' title='bbox 261 1081 291 1130; x_wconf 97' lang='grc' dir='ltr'>ιο</span> <span class='ocrx_word' id='word_1_61' title='bbox 306 1079 460 1130; x_wconf 88' lang='lat' dir='ltr'>mutantur</span> <span class='ocrx_word' id='word_1_62' title='bbox 473 1071 599 1130; x_wconf 87' lang='lat' dir='ltr'>numeri</span> <span class='ocrx_word' id='word_1_63' title='bbox 635 1068 703 1146; x_wconf 77' lang='lat' dir='ltr'>Quo</span> <span class='ocrx_word' id='word_1_64' title='bbox 718 1069 800 1127; x_wconf 86' lang='lat' dir='ltr'>facto</span> <span class='ocrx_word' id='word_1_65' title='bbox 816 1089 908 1166; x_wconf 80' lang='lat' dir='ltr'>quum</span> <span class='ocrx_word' id='word_1_66' title='bbox 926 1087 1037 1126; x_wconf 91' lang='lat' dir='ltr'>novum</span> <span class='ocrx_word' id='word_1_67' title='bbox 1053 1087 1174 1126; x_wconf 90' lang='lat' dir='ltr'>carmen</span> <span class='ocrx_word' id='word_1_68' title='bbox 1188 1070 1322 1148; x_wconf 84' lang='lat' dir='ltr'>incipere</span> 
     </span>
     <span class='ocr_line' id='line_1_9' title="bbox 192 1152 1323 1236; baseline 0 -22"><span class='ocrx_word' id='word_1_69' title='bbox 192 1157 245 1234; x_wconf 92' lang='lat' dir='ltr'>qui</span> <span class='ocrx_word' id='word_1_70' title='bbox 268 1165 299 1215; x_wconf 87' lang='lat' dir='ltr'>et</span> <span class='ocrx_word' id='word_1_71' title='bbox 320 1157 385 1234; x_wconf 87' lang='lat' dir='ltr'>ipse</span> <span class='ocrx_word' id='word_1_72' title='bbox 406 1157 586 1236; x_wconf 89' lang='lat' dir='ltr'>plerumque</span> <span class='ocrx_word' id='word_1_73' title='bbox 606 1163 689 1212; x_wconf 91' lang='lat' dir='ltr'>muta</span> <span class='ocrx_word' id='word_1_74' title='bbox 691 1163 753 1228; x_wconf 89' lang='lat' dir='ltr'>tur,</span> <span class='ocrx_word' id='word_1_75' title='bbox 776 1154 994 1212; x_wconf 88' lang='lat' dir='ltr'>sententiarum</span> <span class='ocrx_word' id='word_1_76' title='bbox 1016 1172 1114 1211; x_wconf 84' lang='lat' dir='ltr'>nexus</span> <span class='ocrx_word' id='word_1_77' title='bbox 1137 1152 1262 1229; x_wconf 87' lang='lat' dir='ltr'>doceat,</span> <span class='ocrx_word' id='word_1_78' title='bbox 1286 1175 1323 1214; x_wconf 85' lang='lat' dir='ltr'>ea</span> 
     </span>
     <span class='ocr_line' id='line_1_10' title="bbox 190 1237 1324 1320; baseline 0.002 -22"><span class='ocrx_word' id='word_1_79' title='bbox 190 1261 270 1318; x_wconf 90' lang='lat' dir='ltr'>quae</span> <span class='ocrx_word' id='word_1_80' title='bbox 293 1249 459 1320; x_wconf 90' lang='lat' dir='ltr'>sequuntur</span> <span class='ocrx_word' id='word_1_81' title='bbox 479 1241 540 1301; x_wconf 87' lang='lat' dir='ltr'>alio</span> <span class='ocrx_word' id='word_1_82' title='bbox 566 1239 655 1298; x_wconf 91' lang='lat' dir='ltr'>modo</span> <span class='ocrx_word' id='word_1_83' title='bbox 678 1247 801 1297; x_wconf 90' lang='lat' dir='ltr'>cantata</span> <span class='ocrx_word' id='word_1_84' title='bbox 821 1258 889 1298; x_wconf 90' lang='lat' dir='ltr'>esse</span> <span class='ocrx_word' id='word_1_85' title='bbox 914 1259 1004 1318; x_wconf 89' lang='lat' dir='ltr'>quam</span> <span class='ocrx_word' id='word_1_86' title='bbox 1024 1237 1222 1316; x_wconf 87' lang='lat' dir='ltr'>praecedent</span> <span class='ocrx_word' id='word_1_87' title='bbox 1214 1259 1244 1296; x_wconf 91' lang='grc' dir='ltr'>ιι</span> <span class='ocrx_word' id='word_1_88' title='bbox 1262 1259 1324 1300; x_wconf 91' lang='lat' dir='ltr'>non</span> 
     </span>
     <span class='ocr_line' id='line_1_11' title="bbox 191 1322 1323 1405; baseline 0.002 -23"><span class='ocrx_word' id='word_1_89' title='bbox 191 1326 338 1384; x_wconf 89' lang='lat' dir='ltr'>immerito</span> <span class='ocrx_word' id='word_1_90' title='bbox 360 1327 533 1405; x_wconf 89' lang='lat' dir='ltr'>suspiceris.</span> <span class='ocrx_word' id='word_1_91' title='bbox 565 1325 644 1384; x_wconf 89' lang='lat' dir='ltr'>Nam</span> <span class='ocrx_word' id='word_1_92' title='bbox 664 1324 723 1382; x_wconf 93' lang='lat' dir='ltr'>hoc</span> <span class='ocrx_word' id='word_1_93' title='bbox 744 1322 867 1403; x_wconf 84' lang='lat' dir='ltr'>quidem</span> <span class='ocrx_word' id='word_1_94' title='bbox 889 1343 939 1382; x_wconf 90' lang='lat' dir='ltr'>cer</span> <span class='ocrx_word' id='word_1_95' title='bbox 940 1331 1004 1382; x_wconf 90' lang='lat' dir='ltr'>tum</span> <span class='ocrx_word' id='word_1_96' title='bbox 1027 1342 1093 1382; x_wconf 89' lang='lat' dir='ltr'>esse</span> <span class='ocrx_word' id='word_1_97' title='bbox 1112 1323 1198 1382; x_wconf 90' lang='lat' dir='ltr'>videt</span> <span class='ocrx_word' id='word_1_98' title='bbox 1186 1331 1235 1382; x_wconf 93' lang='lat' dir='ltr'>tur</span> <span class='ocrx_word' id='word_1_99' title='bbox 1256 1345 1323 1384; x_wconf 92' lang='lat' dir='ltr'>eam</span> 
     </span>
     <span class='ocr_line' id='line_1_12' title="bbox 192 1409 1322 1488; baseline 0.002 -20"><span class='ocrx_word' id='word_1_100' title='bbox 192 1430 384 1469; x_wconf 91' lang='lat' dir='ltr'>numerorum</span> <span class='ocrx_word' id='word_1_101' title='bbox 412 1411 610 1470; x_wconf 88' lang='lat' dir='ltr'>mutationem</span> <span class='ocrx_word' id='word_1_102' title='bbox 634 1429 789 1488; x_wconf 91' lang='lat' dir='ltr'>nunquam</span> <span class='ocrx_word' id='word_1_103' title='bbox 814 1409 928 1467; x_wconf 89' lang='lat' dir='ltr'>factam</span> <span class='ocrx_word' id='word_1_104' title='bbox 957 1427 1038 1481; x_wconf 85' lang='lat' dir='ltr'>esse,</span> <span class='ocrx_word' id='word_1_105' title='bbox 1073 1409 1147 1488; x_wconf 90' lang='lat' dir='ltr'>quin</span> <span class='ocrx_word' id='word_1_106' title='bbox 1176 1410 1322 1470; x_wconf 86' lang='lat' dir='ltr'>stationes</span> 
     </span>
     <span class='ocr_line' id='line_1_13' title="bbox 191 1494 1322 1574; baseline 0.002 -21"><span class='ocrx_word' id='word_1_107' title='bbox 191 1495 273 1554; x_wconf 92' lang='lat' dir='ltr'>chori</span> <span class='ocrx_word' id='word_1_108' title='bbox 288 1494 377 1553; x_wconf 89' lang='lat' dir='ltr'>simul</span> <span class='ocrx_word' id='word_1_109' title='bbox 391 1503 588 1556; x_wconf 82' lang='lat' dir='ltr'>mutarentur.</span> <span class='ocrx_word' id='word_1_110' title='bbox 617 1494 691 1554; x_wconf 92' lang='lat' dir='ltr'>Post</span> <span class='ocrx_word' id='word_1_111' title='bbox 707 1501 873 1574; x_wconf 88' lang='lat' dir='ltr'>systemata</span> <span class='ocrx_word' id='word_1_112' title='bbox 889 1513 928 1552; x_wconf 89' lang='lat' dir='ltr'>ex</span> <span class='ocrx_word' id='word_1_113' title='bbox 943 1494 1004 1554; x_wconf 93' lang='lat' dir='ltr'>ion.</span> <span class='ocrx_word' id='word_1_114' title='bbox 1020 1513 1039 1550; x_wconf 90' lang='lat' dir='ltr'>a</span> <span class='ocrx_word' id='word_1_115' title='bbox 1054 1495 1124 1552; x_wconf 89' lang='lat' dir='ltr'>min.</span> <span class='ocrx_word' id='word_1_116' title='bbox 1140 1495 1219 1552; x_wconf 93' lang='lat' dir='ltr'>nulli</span> <span class='ocrx_word' id='word_1_117' title='bbox 1234 1515 1322 1555; x_wconf 89' lang='lat' dir='ltr'>sena·</span> 
     </span>
     <span class='ocr_line' id='line_1_14' title="bbox 188 1577 1322 1660; baseline 0.001 -22"><span class='ocrx_word' id='word_1_118' title='bbox 188 1581 241 1652; x_wconf 89' lang='lat' dir='ltr'>rii,</span> <span class='ocrx_word' id='word_1_119' title='bbox 264 1579 319 1639; x_wconf 89' lang='lat' dir='ltr'>sed</span> <span class='ocrx_word' id='word_1_120' title='bbox 341 1581 444 1639; x_wconf 90' lang='lat' dir='ltr'>melici</span> <span class='ocrx_word' id='word_1_121' title='bbox 463 1581 580 1640; x_wconf 90' lang='lat' dir='ltr'>numeri</span> <span class='ocrx_word' id='word_1_122' title='bbox 602 1579 655 1637; x_wconf 90' lang='lat' dir='ltr'>alii</span> <span class='ocrx_word' id='word_1_123' title='bbox 678 1579 859 1638; x_wconf 87' lang='lat' dir='ltr'>inferuntur.</span> <span class='ocrx_word' id='word_1_124' title='bbox 893 1579 931 1636; x_wconf 94' lang='lat' dir='ltr'>In</span> <span class='ocrx_word' id='word_1_125' title='bbox 952 1578 1073 1651; x_wconf 87' lang='lat' dir='ltr'>Persis,</span> <span class='ocrx_word' id='word_1_126' title='bbox 1096 1577 1176 1660; x_wconf 90' lang='lat' dir='ltr'>quod</span> <span class='ocrx_word' id='word_1_127' title='bbox 1200 1600 1322 1639; x_wconf 88' lang='lat' dir='ltr'>carmen</span> 
     </span>
     <span class='ocr_line' id='line_1_15' title="bbox 193 1662 1322 1745; baseline 0.002 -22"><span class='ocrx_word' id='word_1_128' title='bbox 193 1673 294 1724; x_wconf 85' lang='lat' dir='ltr'>estex</span> <span class='ocrx_word' id='word_1_129' title='bbox 316 1666 377 1724; x_wconf 92' lang='lat' dir='ltr'>ion.</span> <span class='ocrx_word' id='word_1_130' title='bbox 401 1685 420 1723; x_wconf 90' lang='lat' dir='ltr'>a</span> <span class='ocrx_word' id='word_1_131' title='bbox 435 1667 524 1740; x_wconf 78' lang='lat' dir='ltr'>mim,</span> <span class='ocrx_word' id='word_1_132' title='bbox 542 1665 679 1745; x_wconf 85' lang='lat' dir='ltr'>sequitur</span> <span class='ocrx_word' id='word_1_133' title='bbox 699 1662 840 1743; x_wconf 87' lang='lat' dir='ltr'>parodus.</span> <span class='ocrx_word' id='word_1_134' title='bbox 876 1665 914 1722; x_wconf 91' lang='lat' dir='ltr'>In</span> <span class='ocrx_word' id='word_1_135' title='bbox 930 1663 1037 1742; x_wconf 85' lang='lat' dir='ltr'>Suppl.</span> <span class='ocrx_word' id='word_1_136' title='bbox 1055 1663 1322 1744; x_wconf 80' lang='lat' dir='ltr'>duaepostremae</span> 
     </span>
     <span class='ocr_line' id='line_1_16' title="bbox 188 1747 1322 1828; baseline 0.003 -21"><span class='ocrx_word' id='word_1_137' title='bbox 188 1749 329 1828; x_wconf 84' lang='lat' dir='ltr'>strophae</span> <span class='ocrx_word' id='word_1_138' title='bbox 350 1771 491 1810; x_wconf 90' lang='lat' dir='ltr'>numeros</span> <span class='ocrx_word' id='word_1_139' title='bbox 521 1750 690 1808; x_wconf 76' lang='lat' dir='ltr'>trochaicus</span> <span class='ocrx_word' id='word_1_140' title='bbox 717 1748 845 1821; x_wconf 91' lang='lat' dir='ltr'>habent,</span> <span class='ocrx_word' id='word_1_141' title='bbox 876 1747 958 1806; x_wconf 90' lang='lat' dir='ltr'>unde</span> <span class='ocrx_word' id='word_1_142' title='bbox 984 1747 1143 1827; x_wconf 88' lang='lat' dir='ltr'>probabile</span> <span class='ocrx_word' id='word_1_143' title='bbox 1165 1758 1211 1809; x_wconf 89' lang='lat' dir='ltr'>est</span> <span class='ocrx_word' id='word_1_144' title='bbox 1232 1771 1283 1810; x_wconf 91' lang='lat' dir='ltr'>eas</span> <span class='ocrx_word' id='word_1_145' title='bbox 1304 1771 1322 1809; x_wconf 90' lang='lat' dir='ltr'>a</span> 
     </span>
     <span class='ocr_line' id='line_1_17' title="bbox 188 1833 1322 1916; baseline 0.003 -24"><span class='ocrx_word' id='word_1_146' title='bbox 188 1835 259 1892; x_wconf 88' lang='lat' dir='ltr'>totis</span> <span class='ocrx_word' id='word_1_147' title='bbox 273 1834 471 1910; x_wconf 91' lang='lat' dir='ltr'>hemichoris,</span> <span class='ocrx_word' id='word_1_148' title='bbox 495 1834 711 1894; x_wconf 78' lang='lat' dir='ltr'>antecedentia</span> <span class='ocrx_word' id='word_1_149' title='bbox 731 1854 750 1892; x_wconf 93' lang='lat' dir='ltr'>a</span> <span class='ocrx_word' id='word_1_150' title='bbox 770 1833 899 1910; x_wconf 84' lang='lat' dir='ltr'>singulis</span> <span class='ocrx_word' id='word_1_151' title='bbox 923 1834 1169 1893; x_wconf 87' lang='lat' dir='ltr'>semichoriorum</span> <span class='ocrx_word' id='word_1_152' title='bbox 1183 1837 1322 1916; x_wconf 86' lang='lat' dir='ltr'>personis</span> 
     </span>
     <span class='ocr_line' id='line_1_18' title="bbox 189 1911 955 1979; baseline 0.001 -1"><span class='ocrx_word' id='word_1_153' title='bbox 189 1927 311 1978; x_wconf 85' lang='lat' dir='ltr'>cantata</span> <span class='ocrx_word' id='word_1_154' title='bbox 329 1940 405 1979; x_wconf 87' lang='lat' dir='ltr'>esse.</span> <span class='ocrx_word' id='word_1_155' title='bbox 878 1911 882 1918; x_wconf 50' lang='lat'>¹</span> <span class='ocrx_word' id='word_1_156' title='bbox 951 1961 955 1965; x_wconf 75' lang='lat'><em>,</em></span> 
     </span>
    </p>

    <p class='ocr_par' dir='ltr' id='par_1_6' title="bbox 187 2003 1397 2842">
     <span class='ocr_line' id='line_1_19' title="bbox 247 2003 1321 2082; baseline 0 -20"><span class='ocrx_word' id='word_1_157' title='bbox 247 2005 285 2063; x_wconf 91' lang='lat' dir='ltr'>In</span> <span class='ocrx_word' id='word_1_158' title='bbox 307 2005 441 2062; x_wconf 90' lang='lat' dir='ltr'>carmine</span> <span class='ocrx_word' id='word_1_159' title='bbox 464 2003 571 2082; x_wconf 82' lang='lat' dir='ltr'>Suppl.</span> <span class='ocrx_word' id='word_1_160' title='bbox 599 2023 629 2060; x_wconf 90' lang='lat' dir='ltr'>v.</span> <span class='ocrx_word' id='word_1_161' title='bbox 649 2011 683 2062; x_wconf 84' lang='lat'>40</span> <span class='ocrx_word' id='word_1_162' title='bbox 706 2022 773 2080; x_wconf 85' lang='lat' dir='ltr'><strong>sqq.</strong></span> <span class='ocrx_word' id='word_1_163' title='bbox 796 2022 887 2080; x_wconf 91' lang='lat' dir='ltr'>quum</span> <span class='ocrx_word' id='word_1_164' title='bbox 907 2003 1025 2061; x_wconf 90' lang='lat' dir='ltr'>numeri</span> <span class='ocrx_word' id='word_1_165' title='bbox 1047 2003 1133 2062; x_wconf 89' lang='lat' dir='ltr'>initio</span> <span class='ocrx_word' id='word_1_166' title='bbox 1159 2005 1321 2063; x_wconf 86' lang='lat' dir='ltr'>maximam</span> 
     </span>
     <span class='ocr_line' id='line_1_20' title="bbox 187 2085 1320 2167; baseline -0.001 -22"><span class='ocrx_word' id='word_1_167' title='bbox 187 2096 305 2166; x_wconf 91' lang='lat' dir='ltr'>partem</span> <span class='ocrx_word' id='word_1_168' title='bbox 323 2087 470 2167; x_wconf 87' lang='lat' dir='ltr'>dactylici</span> <span class='ocrx_word' id='word_1_169' title='bbox 490 2087 550 2146; x_wconf 91' lang='lat' dir='ltr'>sint</span> <span class='ocrx_word' id='word_1_170' title='bbox 570 2087 755 2162; x_wconf 82' lang='lat' dir='ltr'>interpositis</span> <span class='ocrx_word' id='word_1_171' title='bbox 772 2085 910 2144; x_wconf 87' lang='lat' dir='ltr'>iambicis</span> <span class='ocrx_word' id='word_1_172' title='bbox 927 2095 957 2144; x_wconf 92' lang='lat' dir='ltr'>et</span> <span class='ocrx_word' id='word_1_173' title='bbox 976 2087 1153 2158; x_wconf 89' lang='lat' dir='ltr'>trochaicis,</span> <span class='ocrx_word' id='word_1_174' title='bbox 1169 2087 1241 2146; x_wconf 95' lang='lat' dir='ltr'>inde</span> <span class='ocrx_word' id='word_1_175' title='bbox 1258 2109 1276 2146; x_wconf 95' lang='lat' dir='ltr'>a</span> <span class='ocrx_word' id='word_1_176' title='bbox 1291 2109 1320 2147; x_wconf 88' lang='lat' dir='ltr'>v.</span> 
     </span>
     <span class='ocr_line' id='line_1_21' title="bbox 190 2168 1321 2250; baseline -0.002 -18"><span class='ocrx_word' id='word_1_177' title='bbox 190 2183 240 2242; x_wconf 80' lang='grc'>111,</span> <span class='ocrx_word' id='word_1_178' title='bbox 256 2172 350 2230; x_wconf 91' lang='lat' dir='ltr'>multo</span> <span class='ocrx_word' id='word_1_179' title='bbox 369 2171 585 2230; x_wconf 87' lang='lat' dir='ltr'>concitatiores</span> <span class='ocrx_word' id='word_1_180' title='bbox 601 2177 631 2225; x_wconf 94' lang='lat' dir='ltr'>et</span> <span class='ocrx_word' id='word_1_181' title='bbox 646 2168 804 2226; x_wconf 91' lang='lat' dir='ltr'>solutiores</span> <span class='ocrx_word' id='word_1_182' title='bbox 824 2169 908 2226; x_wconf 89' lang='lat' dir='ltr'>fiunt.</span> <span class='ocrx_word' id='word_1_183' title='bbox 951 2170 1029 2228; x_wconf 89' lang='lat' dir='ltr'>Eam</span> <span class='ocrx_word' id='word_1_184' title='bbox 1044 2179 1162 2249; x_wconf 88' lang='lat' dir='ltr'>partem</span> <span class='ocrx_word' id='word_1_185' title='bbox 1175 2174 1321 2250; x_wconf 91' lang='lat' dir='ltr'>posterio-</span> 
     </span>
     <span class='ocr_line' id='line_1_22' title="bbox 187 2252 1322 2334; baseline 0.001 -20"><span class='ocrx_word' id='word_1_186' title='bbox 187 2276 252 2315; x_wconf 89' lang='lat' dir='ltr'>rem</span> <span class='ocrx_word' id='word_1_187' title='bbox 268 2275 286 2312; x_wconf 94' lang='lat' dir='ltr'>a</span> <span class='ocrx_word' id='word_1_188' title='bbox 308 2255 398 2314; x_wconf 91' lang='lat' dir='ltr'>choro</span> <span class='ocrx_word' id='word_1_189' title='bbox 413 2275 474 2313; x_wconf 93' lang='lat' dir='ltr'>non</span> <span class='ocrx_word' id='word_1_190' title='bbox 497 2255 615 2330; x_wconf 81' lang='lat' dir='ltr'>integro</span> <span class='ocrx_word' id='word_1_191' title='bbox 634 2253 704 2310; x_wconf 90' lang='lat' dir='ltr'>cani</span> <span class='ocrx_word' id='word_1_192' title='bbox 718 2253 825 2311; x_wconf 87' lang='lat' dir='ltr'>testari</span> <span class='ocrx_word' id='word_1_193' title='bbox 840 2252 975 2328; x_wconf 90' lang='lat' dir='ltr'>videtur,</span> <span class='ocrx_word' id='word_1_194' title='bbox 998 2255 1080 2334; x_wconf 91' lang='lat' dir='ltr'>quod</span> <span class='ocrx_word' id='word_1_195' title='bbox 1095 2275 1207 2332; x_wconf 84' lang='lat' dir='ltr'>magna</span> <span class='ocrx_word' id='word_1_196' title='bbox 1223 2259 1322 2316; x_wconf 89' lang='lat' dir='ltr'>cuius-</span> 
     </span>
     <span class='ocr_line' id='line_1_23' title="bbox 189 2337 1321 2420; baseline 0.002 -22"><span class='ocrx_word' id='word_1_197' title='bbox 189 2360 248 2420; x_wconf 90' lang='lat' dir='ltr'>que</span> <span class='ocrx_word' id='word_1_198' title='bbox 268 2340 409 2418; x_wconf 87' lang='lat' dir='ltr'>strophae</span> <span class='ocrx_word' id='word_1_199' title='bbox 423 2359 493 2418; x_wconf 88' lang='lat' dir='ltr'>pars</span> <span class='ocrx_word' id='word_1_200' title='bbox 508 2359 564 2418; x_wconf 89' lang='lat' dir='ltr'>per</span> <span class='ocrx_word' id='word_1_201' title='bbox 578 2337 739 2416; x_wconf 89' lang='lat' dir='ltr'>analepsin</span> <span class='ocrx_word' id='word_1_202' title='bbox 753 2338 900 2416; x_wconf 89' lang='lat' dir='ltr'>repetitur</span> <span class='ocrx_word' id='word_1_203' title='bbox 916 2346 946 2396; x_wconf 93' lang='lat' dir='ltr'>et</span> <span class='ocrx_word' id='word_1_204' title='bbox 956 2360 1006 2400; x_wconf 81' lang='lat' dir='ltr'>vv.</span> <span class='ocrx_word' id='word_1_205' title='bbox 1022 2339 1214 2400; x_wconf 86' lang='lat' dir='ltr'>dochmiacos</span> <span class='ocrx_word' id='word_1_206' title='bbox 1230 2343 1321 2401; x_wconf 90' lang='lat' dir='ltr'>inter-</span> 
     </span>
     <span class='ocr_line' id='line_1_24' title="bbox 188 2421 1322 2504; baseline 0.004 -22"><span class='ocrx_word' id='word_1_207' title='bbox 188 2425 303 2504; x_wconf 83' lang='lat' dir='ltr'>positos</span> <span class='ocrx_word' id='word_1_208' title='bbox 258 2424 427 2484; x_wconf 76' lang='lat' dir='ltr'>tthabe</span> <span class='ocrx_word' id='word_1_209' title='bbox 458 2421 605 2496; x_wconf 89' lang='lat' dir='ltr'>Accedit,</span> <span class='ocrx_word' id='word_1_210' title='bbox 628 2421 709 2501; x_wconf 92' lang='lat' dir='ltr'>quod</span> <span class='ocrx_word' id='word_1_211' title='bbox 733 2431 893 2499; x_wconf 83' lang='lat' dir='ltr'>magnast</span> <span class='ocrx_word' id='word_1_212' title='bbox 881 2423 984 2482; x_wconf 89' lang='lat' dir='ltr'>turbas</span> <span class='ocrx_word' id='word_1_213' title='bbox 1011 2425 1106 2484; x_wconf 88' lang='lat' dir='ltr'>fuisse</span> <span class='ocrx_word' id='word_1_214' title='bbox 1127 2424 1166 2484; x_wconf 92' lang='lat' dir='ltr'>ad</span> <span class='ocrx_word' id='word_1_215' title='bbox 1185 2427 1322 2487; x_wconf 90' lang='lat' dir='ltr'>universi</span> 
     </span>
     <span class='ocr_line' id='line_1_25' title="bbox 189 2507 1321 2605; baseline 0.004 -38"><span class='ocrx_word' id='word_1_216' title='bbox 189 2509 271 2568; x_wconf 92' lang='lat' dir='ltr'>chori</span> <span class='ocrx_word' id='word_1_217' title='bbox 287 2517 356 2567; x_wconf 88' lang='lat' dir='ltr'>cant</span> <span class='ocrx_word' id='word_1_218' title='bbox 358 2530 408 2568; x_wconf 94' lang='lat' dir='ltr'>um</span> <span class='ocrx_word' id='word_1_219' title='bbox 422 2529 528 2588; x_wconf 87' lang='lat' dir='ltr'>parum</span> <span class='ocrx_word' id='word_1_220' title='bbox 552 2515 639 2605; x_wconf 88' lang='lat' dir='ltr'>aptas</span> <span class='ocrx_word' id='word_1_221' title='bbox 663 2527 702 2566; x_wconf 86' lang='lat' dir='ltr'>ex</span> <span class='ocrx_word' id='word_1_222' title='bbox 724 2507 829 2571; x_wconf 88' lang='lat' dir='ltr'>Danai</span> <span class='ocrx_word' id='word_1_223' title='bbox 849 2508 1112 2568; x_wconf 88' lang='lat' dir='ltr'>animadversione</span> <span class='ocrx_word' id='word_1_224' title='bbox 1140 2511 1321 2588; x_wconf 82' lang='lat' dir='ltr'>intelligitur</span> 
     </span>
     <span class='ocr_line' id='line_1_26' title="bbox 188 2591 1319 2676; baseline 0.003 -24"><span class='ocrx_word' id='word_1_225' title='bbox 188 2615 218 2652; x_wconf 90' lang='lat' dir='ltr'>v.</span> <span class='ocrx_word' id='word_1_226' title='bbox 234 2602 285 2656; x_wconf 85' lang='lat'>179</span> <span class='ocrx_word' id='word_1_227' title='bbox 302 2591 424 2663; x_wconf 77' lang='grc' dir='ltr'>Παῖδες,</span> <span class='ocrx_word' id='word_1_228' title='bbox 440 2585 636 2668; x_wconf 80' lang='grc' dir='ltr'>φρονεῖνχρή</span> <span class='ocrx_word' id='word_1_229' title='bbox 651 2600 707 2651; x_wconf 89' lang='lat' dir='ltr'>etc.</span> <span class='ocrx_word' id='word_1_230' title='bbox 711 2601 925 2672; x_wconf 88' lang='lat' dir='ltr'>,tquacum</span> <span class='ocrx_word' id='word_1_231' title='bbox 883 2595 925 2652; x_wconf 82' lang='lat' dir='ltr'>Et</span> <span class='ocrx_word' id='word_1_232' title='bbox 927 2593 1019 2652; x_wconf 91' lang='lat' dir='ltr'>eoclis</span> <span class='ocrx_word' id='word_1_233' title='bbox 1035 2594 1130 2653; x_wconf 89' lang='lat' dir='ltr'>verba</span> <span class='ocrx_word' id='word_1_234' title='bbox 1146 2597 1227 2654; x_wconf 86' lang='lat' dir='ltr'>conf.</span> <span class='ocrx_word' id='word_1_235' title='bbox 1231 2599 1319 2676; x_wconf 90' lang='lat' dir='ltr'>,qui-</span> 
     </span>
     <span class='ocr_line' id='line_1_27' title="bbox 187 2676 1320 2758; baseline 0.004 -22"><span class='ocrx_word' id='word_1_236' title='bbox 187 2679 243 2738; x_wconf 85' lang='lat' dir='ltr'>bus</span> <span class='ocrx_word' id='word_1_237' title='bbox 259 2680 394 2756; x_wconf 83' lang='lat' dir='ltr'>virgines</span> <span class='ocrx_word' id='word_1_238' title='bbox 414 2678 580 2738; x_wconf 81' lang='lat' dir='ltr'>Thebanae</span> <span class='ocrx_word' id='word_1_239' title='bbox 601 2676 741 2754; x_wconf 83' lang='lat' dir='ltr'>obiurgat</span> <span class='ocrx_word' id='word_1_240' title='bbox 758 2678 844 2755; x_wconf 84' lang='lat' dir='ltr'>Sept</span> <span class='ocrx_word' id='word_1_241' title='bbox 860 2698 890 2736; x_wconf 90' lang='lat' dir='ltr'>v.</span> <span class='ocrx_word' id='word_1_242' title='bbox 913 2687 979 2748; x_wconf 83' lang='lat'>165,</span> <span class='ocrx_word' id='word_1_243' title='bbox 1000 2679 1095 2758; x_wconf 90' lang='lat' dir='ltr'>quol</span> <span class='ocrx_word' id='word_1_244' title='bbox 1116 2700 1135 2738; x_wconf 90' lang='lat' dir='ltr'>a</span> <span class='ocrx_word' id='word_1_245' title='bbox 1155 2642 1320 2740; x_wconf 81' lang='lat' dir='ltr'>chorhnon</span> 
     </span>
     <span class='ocr_line' id='line_1_28' title="bbox 188 2762 1397 2842; baseline -0.002 -21"><span class='ocrx_word' id='word_1_246' title='bbox 188 2765 233 2822; x_wconf 88' lang='lat' dir='ltr'>int</span> <span class='ocrx_word' id='word_1_247' title='bbox 236 2785 308 2842; x_wconf 82' lang='lat' dir='ltr'>egro</span> <span class='ocrx_word' id='word_1_248' title='bbox 324 2772 477 2822; x_wconf 88' lang='lat' dir='ltr'>cantatum</span> <span class='ocrx_word' id='word_1_249' title='bbox 495 2783 563 2822; x_wconf 88' lang='lat' dir='ltr'>esse</span> <span class='ocrx_word' id='word_1_250' title='bbox 578 2762 660 2841; x_wconf 90' lang='lat' dir='ltr'>apud</span> <span class='ocrx_word' id='word_1_251' title='bbox 680 2782 783 2820; x_wconf 90' lang='lat' dir='ltr'>omnes</span> <span class='ocrx_word' id='word_1_252' title='bbox 799 2771 925 2822; x_wconf 89' lang='lat' dir='ltr'>constat.</span> <span class='ocrx_word' id='word_1_253' title='bbox 944 2797 981 2806; x_wconf 87' lang='lat'>—</span> <span class='ocrx_word' id='word_1_254' title='bbox 1394 2762 1397 2768; x_wconf 82' lang='lat'>&#39;</span> 
     </span>
    </p>
   </div>
   <div class='ocr_carea' id='block_1_5' title="bbox 553 3081 951 3180">
    <p class='ocr_par' dir='ltr' id='par_1_7' title="bbox 553 3081 951 3180">
     <span class='ocr_line' id='line_1_29' title="bbox 553 3081 951 3180; baseline 0 -23"><span class='ocrx_word' id='word_1_255' title='bbox 553 3083 669 3157; x_wconf 88' lang='lat' dir='ltr'>Pars</span> <span class='ocrx_word' id='word_1_256' title='bbox 696 3081 951 3180; x_wconf 75' lang='lat' dir='ltr'>posterior.</span> 
     </span>
    </p>
   </div>
   <div class='ocr_carea' id='block_1_6' title="bbox 186 3221 1320 3365">
    <p class='ocr_par' dir='ltr' id='par_1_8' title="bbox 186 3221 1320 3365">
     <span class='ocr_line' id='line_1_30' title="bbox 186 3221 1320 3364; baseline 0.002 -82"><span class='ocrx_word' id='word_1_257' title='bbox 186 3221 231 3282; x_wconf 84' lang='lat' dir='ltr'>De</span> <span class='ocrx_word' id='word_1_258' title='bbox 251 3221 371 3296; x_wconf 87' lang='lat' dir='ltr'>ordine,</span> <span class='ocrx_word' id='word_1_259' title='bbox 390 3222 511 3293; x_wconf 84' lang='lat' dir='ltr'>ratione</span> <span class='ocrx_word' id='word_1_260' title='bbox 535 3225 568 3282; x_wconf 84' lang='lat' dir='ltr'>et</span> <span class='ocrx_word' id='word_1_261' title='bbox 582 3240 639 3283; x_wconf 86' lang='lat' dir='ltr'>usu</span> <span class='ocrx_word' id='word_1_262' title='bbox 653 3235 838 3364; x_wconf 58' lang='lat' dir='ltr'>quopuppque</span> <span class='ocrx_word' id='word_1_263' title='bbox 855 3221 1022 3281; x_wconf 85' lang='lat' dir='ltr'>carminum</span> <span class='ocrx_word' id='word_1_264' title='bbox 1039 3222 1214 3298; x_wconf 84' lang='lat' dir='ltr'>apartibus</span> <span class='ocrx_word' id='word_1_265' title='bbox 1232 3221 1320 3284; x_wconf 88' lang='lat' dir='ltr'>chori</span> 
     </span>
     <span class='ocr_line' id='line_1_31' title="bbox 653 3321 853 3365; baseline -0.01 -1"><span class='ocrx_word' id='word_1_266' title='bbox 653 3321 746 3365; x_wconf 87' lang='lat' dir='ltr'>cana</span> <span class='ocrx_word' id='word_1_267' title='bbox 778 3321 853 3363; x_wconf 90' lang='lat' dir='ltr'>rum.</span> 
     </span>
    </p>
   </div>
   <div class='ocr_carea' id='block_1_7' title="bbox 672 3447 835 3456">
    <p class='ocr_par' dir='ltr' id='par_1_9' title="bbox 672 3447 835 3456">
     <span class='ocr_line' id='line_1_32' title="bbox 672 3447 835 3456; baseline -0.012 0"><span class='ocrx_word' id='word_1_268' title='bbox 672 3447 835 3456; x_wconf 55' lang='grc' dir='ltr'>-η--οω-ι</span> 
     </span>
    </p>
   </div>
   <div class='ocr_carea' id='block_1_8' title="bbox 712 3552 786 3630">
    <p class='ocr_par' dir='ltr' id='par_1_10' title="bbox 712 3552 786 3630">
     <span class='ocr_line' id='line_1_33' title="bbox 712 3552 786 3630; baseline -0.041 -14"><span class='ocrx_word' id='word_1_269' title='bbox 712 3552 786 3630; x_wconf 75' lang='lat' dir='ltr'>ss.</span> 
     </span>
    </p>
   </div>
   <div class='ocr_carea' id='block_1_9' title="bbox 237 3650 1225 3736">
    <p class='ocr_par' dir='ltr' id='par_1_11' title="bbox 237 3650 1225 3736">
     <span class='ocr_line' id='line_1_34' title="bbox 237 3650 1225 3736; baseline -0.001 -29"><span class='ocrx_word' id='word_1_270' title='bbox 237 3727 242 3736; x_wconf 31' lang='lat'><strong>¹</strong></span> <span class='ocrx_word' id='word_1_271' title='bbox 274 3652 306 3707; x_wconf 78' lang='lat' dir='ltr'>lle</span> <span class='ocrx_word' id='word_1_272' title='bbox 323 3653 441 3708; x_wconf 81' lang='lat' dir='ltr'>caminatis</span> <span class='ocrx_word' id='word_1_273' title='bbox 462 3653 589 3706; x_wconf 84' lang='lat' dir='ltr'>carrnluum</span> <span class='ocrx_word' id='word_1_274' title='bbox 608 3668 622 3706; x_wconf 89' lang='grc' dir='ltr'>ι</span> <span class='ocrx_word' id='word_1_275' title='bbox 641 3653 744 3723; x_wconf 83' lang='lat' dir='ltr'>partibus</span> <span class='ocrx_word' id='word_1_276' title='bbox 762 3650 823 3705; x_wconf 86' lang='lat' dir='ltr'>chori</span> <span class='ocrx_word' id='word_1_277' title='bbox 842 3652 984 3706; x_wconf 83' lang='lat' dir='ltr'>cantatorum</span> <span class='ocrx_word' id='word_1_278' title='bbox 1002 3652 1064 3704; x_wconf 82' lang='lat' dir='ltr'>recte</span> <span class='ocrx_word' id='word_1_279' title='bbox 1083 3651 1225 3706; x_wconf 75' lang='lat' dir='ltr'>definiendis.</span> 
     </span>
    </p>
   </div>
   <div class='ocr_carea' id='block_1_10' title="bbox 186 3757 1319 4264">
    <p class='ocr_par' dir='ltr' id='par_1_12' title="bbox 186 3757 1319 4264">
     <span class='ocr_line' id='line_1_35' title="bbox 251 3757 1319 3839; baseline -0.003 -18"><span class='ocrx_word' id='word_1_280' title='bbox 251 3761 351 3839; x_wconf 76' lang='lat' dir='ltr'>Quum</span> <span class='ocrx_word' id='word_1_281' title='bbox 367 3761 607 3820; x_wconf 89' lang='lat' dir='ltr'>testimoniorum</span> <span class='ocrx_word' id='word_1_282' title='bbox 628 3768 766 3818; x_wconf 86' lang='lat' dir='ltr'>veterum</span> <span class='ocrx_word' id='word_1_283' title='bbox 785 3757 823 3817; x_wconf 89' lang='lat' dir='ltr'>de</span> <span class='ocrx_word' id='word_1_284' title='bbox 848 3758 1028 3818; x_wconf 89' lang='lat' dir='ltr'>carminibus</span> <span class='ocrx_word' id='word_1_285' title='bbox 1048 3779 1067 3816; x_wconf 92' lang='lat' dir='ltr'>a</span> <span class='ocrx_word' id='word_1_286' title='bbox 1081 3759 1218 3838; x_wconf 90' lang='lat' dir='ltr'>partibus</span> <span class='ocrx_word' id='word_1_287' title='bbox 1234 3759 1319 3819; x_wconf 92' lang='lat' dir='ltr'>chori</span> 
     </span>
     <span class='ocr_line' id='line_1_36' title="bbox 187 3844 1319 3924; baseline 0.001 -21"><span class='ocrx_word' id='word_1_288' title='bbox 187 3849 345 3906; x_wconf 88' lang='lat' dir='ltr'>cantatist</span> <span class='ocrx_word' id='word_1_289' title='bbox 347 3856 400 3906; x_wconf 85' lang='lat' dir='ltr'>ant</span> <span class='ocrx_word' id='word_1_290' title='bbox 402 3868 420 3905; x_wconf 89' lang='lat' dir='ltr'>a</span> <span class='ocrx_word' id='word_1_291' title='bbox 435 3847 475 3905; x_wconf 89' lang='lat' dir='ltr'>sit</span> <span class='ocrx_word' id='word_1_292' title='bbox 493 3846 637 3924; x_wconf 90' lang='lat' dir='ltr'>penuria,</span> <span class='ocrx_word' id='word_1_293' title='bbox 652 3852 687 3902; x_wconf 91' lang='lat' dir='ltr'>ut</span> <span class='ocrx_word' id='word_1_294' title='bbox 695 3845 896 3922; x_wconf 86' lang='lat' dir='ltr'>,priusquam</span> <span class='ocrx_word' id='word_1_295' title='bbox 912 3844 1122 3920; x_wconf 90' lang='lat' dir='ltr'>Hermannus,</span> <span class='ocrx_word' id='word_1_296' title='bbox 1139 3854 1254 3924; x_wconf 88' lang='lat' dir='ltr'>quanta</span> <span class='ocrx_word' id='word_1_297' title='bbox 1273 3855 1319 3905; x_wconf 88' lang='lat' dir='ltr'>est</span> 
     </span>
     <span class='ocr_line' id='line_1_37' title="bbox 187 3928 1317 4010; baseline 0.003 -23"><span class='ocrx_word' id='word_1_298' title='bbox 187 3931 252 3989; x_wconf 90' lang='lat' dir='ltr'>eius</span> <span class='ocrx_word' id='word_1_299' title='bbox 283 3934 451 4010; x_wconf 85' lang='lat' dir='ltr'>sagacitas,</span> <span class='ocrx_word' id='word_1_300' title='bbox 489 3931 553 3989; x_wconf 87' lang='lat' dir='ltr'>eius</span> <span class='ocrx_word' id='word_1_301' title='bbox 578 3931 766 4009; x_wconf 85' lang='lat' dir='ltr'>quaestionis</span> <span class='ocrx_word' id='word_1_302' title='bbox 791 3928 969 4007; x_wconf 88' lang='lat' dir='ltr'>praeclarus</span> <span class='ocrx_word' id='word_1_303' title='bbox 995 3930 1137 3990; x_wconf 87' lang='lat' dir='ltr'>inventor</span> <span class='ocrx_word' id='word_1_304' title='bbox 1163 3932 1317 4006; x_wconf 88' lang='lat' dir='ltr'>existeret,</span> 
     </span>
     <span class='ocr_line' id='line_1_38' title="bbox 188 4005 1318 4096; baseline 0.004 -25"><span class='ocrx_word' id='word_1_305' title='bbox 188 4016 287 4074; x_wconf 88' lang='lat' dir='ltr'>omnia</span> <span class='ocrx_word' id='word_1_306' title='bbox 307 4018 432 4090; x_wconf 87' lang='lat' dir='ltr'>melica,</span> <span class='ocrx_word' id='word_1_307' title='bbox 456 4017 570 4096; x_wconf 88' lang='lat' dir='ltr'>quippe</span> <span class='ocrx_word' id='word_1_308' title='bbox 592 4015 730 4095; x_wconf 91' lang='lat' dir='ltr'>quibus</span> <span class='ocrx_word' id='word_1_309' title='bbox 721 4035 754 4073; x_wconf 91' lang='grc' dir='ltr'>ιιι</span> <span class='ocrx_word' id='word_1_310' title='bbox 774 4013 860 4072; x_wconf 90' lang='lat' dir='ltr'>libris</span> <span class='ocrx_word' id='word_1_311' title='bbox 876 4034 1026 4073; x_wconf 89' lang='lat' dir='ltr'>manuscr.</span> <span class='ocrx_word' id='word_1_312' title='bbox 1057 4005 1154 4094; x_wconf 79' lang='grc' dir='ltr'>Χορός</span> <span class='ocrx_word' id='word_1_313' title='bbox 1168 4018 1318 4094; x_wconf 88' lang='lat' dir='ltr'>praescri-</span> 
     </span>
     <span class='ocr_line' id='line_1_39' title="bbox 186 4063 1317 4176; baseline 0.005 -22"><span class='ocrx_word' id='word_1_314' title='bbox 186 4104 271 4172; x_wconf 90' lang='lat' dir='ltr'>ptum</span> <span class='ocrx_word' id='word_1_315' title='bbox 287 4111 382 4173; x_wconf 88' lang='lat' dir='ltr'>essct,</span> <span class='ocrx_word' id='word_1_316' title='bbox 355 4063 439 4160; x_wconf 90' lang='lat' dir='ltr'>tab</span> <span class='ocrx_word' id='word_1_317' title='bbox 454 4103 596 4160; x_wconf 90' lang='lat' dir='ltr'>universo</span> <span class='ocrx_word' id='word_1_318' title='bbox 613 4101 703 4159; x_wconf 90' lang='lat' dir='ltr'>choro</span> <span class='ocrx_word' id='word_1_319' title='bbox 719 4106 841 4158; x_wconf 89' lang='lat' dir='ltr'>cantata</span> <span class='ocrx_word' id='word_1_320' title='bbox 861 4119 927 4158; x_wconf 87' lang='lat' dir='ltr'>esse</span> <span class='ocrx_word' id='word_1_321' title='bbox 942 4099 1034 4176; x_wconf 80' lang='lat' dir='ltr'>vulgo</span> <span class='ocrx_word' id='word_1_322' title='bbox 1051 4100 1302 4175; x_wconf 89' lang='lat' dir='ltr'>crederentur,</span> <span class='ocrx_word' id='word_1_323' title='bbox 1272 4124 1317 4161; x_wconf 87' lang='lat' dir='ltr'>vr·</span> 
     </span>
     <span class='ocr_line' id='line_1_40' title="bbox 188 4179 1317 4264; baseline 0.008 -29"><span class='ocrx_word' id='word_1_324' title='bbox 188 4179 315 4258; x_wconf 87' lang='lat' dir='ltr'>deripot</span> <span class='ocrx_word' id='word_1_325' title='bbox 317 4204 348 4242; x_wconf 89' lang='lat' dir='ltr'>es</span> <span class='ocrx_word' id='word_1_326' title='bbox 352 4186 466 4262; x_wconf 83' lang='grc' dir='ltr'>ιιιιιιιι</span> <span class='ocrx_word' id='word_1_327' title='bbox 478 4185 701 4264; x_wconf 89' lang='lat' dir='ltr'>desperandum</span> <span class='ocrx_word' id='word_1_328' title='bbox 721 4203 787 4243; x_wconf 89' lang='lat' dir='ltr'>esse</span> <span class='ocrx_word' id='word_1_329' title='bbox 803 4184 868 4242; x_wconf 85' lang='lat' dir='ltr'>fore</span> <span class='ocrx_word' id='word_1_330' title='bbox 885 4191 919 4242; x_wconf 92' lang='lat' dir='ltr'>ut</span> <span class='ocrx_word' id='word_1_331' title='bbox 934 4185 1044 4243; x_wconf 88' lang='lat' dir='ltr'>certius</span> <span class='ocrx_word' id='word_1_332' title='bbox 1058 4186 1131 4264; x_wconf 92' lang='lat' dir='ltr'>quid</span> <span class='ocrx_word' id='word_1_333' title='bbox 1146 4185 1184 4244; x_wconf 90' lang='lat' dir='ltr'>de</span> <span class='ocrx_word' id='word_1_334' title='bbox 1201 4185 1317 4261; x_wconf 89' lang='lat' dir='ltr'>ordine,</span> 
     </span>
    </p>
   </div>
   <div class='ocr_carea' id='block_1_11' title="bbox 186 4378 1316 4514">
    <p class='ocr_par' dir='ltr' id='par_1_13' title="bbox 186 4378 1316 4514">
     <span class='ocr_line' id='line_1_41' title="bbox 257 4378 1316 4451; baseline 0.003 -22"><span class='ocrx_word' id='word_1_335' title='bbox 257 4378 283 4444; x_wconf 90' lang='lat' dir='ltr'>l)</span> <span class='ocrx_word' id='word_1_336' title='bbox 301 4382 376 4444; x_wconf 89' lang='lat' dir='ltr'>Epit.</span> <span class='ocrx_word' id='word_1_337' title='bbox 397 4383 482 4432; x_wconf 87' lang='lat' dir='ltr'>doctr.</span> <span class='ocrx_word' id='word_1_338' title='bbox 500 4401 571 4449; x_wconf 91' lang='lat' dir='ltr'>m.p</span> <span class='ocrx_word' id='word_1_339' title='bbox 575 4387 659 4437; x_wconf 82' lang='grc'>..269</span> <span class='ocrx_word' id='word_1_340' title='bbox 696 4388 736 4437; x_wconf 89' lang='lat' dir='ltr'>lb.</span> <span class='ocrx_word' id='word_1_341' title='bbox 758 4388 921 4450; x_wconf 82' lang='lat' dir='ltr'>„Oanuntur</span> <span class='ocrx_word' id='word_1_342' title='bbox 941 4403 973 4436; x_wconf 88' lang='lat' dir='ltr'>ea</span> <span class='ocrx_word' id='word_1_343' title='bbox 992 4389 1129 4451; x_wconf 86' lang='lat' dir='ltr'>carmina,</span> <span class='ocrx_word' id='word_1_344' title='bbox 1150 4392 1181 4438; x_wconf 86' lang='lat' dir='ltr'>ut</span> <span class='ocrx_word' id='word_1_345' title='bbox 1198 4388 1316 4446; x_wconf 88' lang='lat' dir='ltr'>videtur,</span> 
     </span>
     <span class='ocr_line' id='line_1_42' title="bbox 186 4449 473 4514; baseline -0.012 -14"><span class='ocrx_word' id='word_1_346' title='bbox 186 4467 203 4500; x_wconf 90' lang='lat' dir='ltr'>a</span> <span class='ocrx_word' id='word_1_347' title='bbox 226 4449 350 4514; x_wconf 89' lang='lat' dir='ltr'>partibus</span> <span class='ocrx_word' id='word_1_348' title='bbox 368 4449 473 4497; x_wconf 55' lang='lat' dir='ltr'>chorist‘</span> 
     </span>
    </p>
   </div>
   <div class='ocr_carea' id='block_1_12' title="bbox 0 0 1620 5308">
    <p class='ocr_par' dir='ltr' id='par_1_14' title="bbox 0 0 1620 5308">
     <span class='ocr_line' id='line_1_43' title="bbox 0 0 1620 5308; baseline 0 1"><span class='ocrx_word' id='word_1_349' title='bbox 0 0 1620 5308; x_wconf 95' lang='lat' dir='ltr'> </span> 
     </span>
    </p>
   </div>
  </div>
 </body>
</html>
