3246 5328
285 397 343 459 108
455 399 702 453 Coniectaneorum
723 400 751 451 in
767 398 895 468 Aeschyli
910 398 1052 470 Supplices
1073 417 1138 470 pars
1154 399 1240 470 prior.

283 569 488 713 {xplicentum
522 564 566 624 At
586 562 770 642 δημηλασίαν
792 585 811 624 a
841 568 1018 644 γνωσθεῖσαν
1046 565 1154 625 divelli
1175 585 1266 645 posse
1288 585 1348 625 non
1370 564 1414 622 vi-

305 663 370 713 etur

345 754 383 814 V
398 762 432 817 56
447 751 561 832 sqq.E
533 747 575 807 Εἰ
588 743 619 807 δέ
633 751 722 827 κυρεῖ
732 769 777 820 τις
794 745 881 822 πέλας
897 743 1083 810 οἰωνοπόλων

533 831 664 991 Ξγγὲαμμς,
687 825 787 932 ολκτμν
802 823 918 934 οἰκτρόν
939 823 1045 979 citur}
1096 921 1112 978 t

533 939 664 1102 misi}
673 908 933 1104 tibiissssiiixii
948 941 1000 992 τας
1042 941 1093 997 ⁷²⁹⁸
1108 942 1143 991 “⁹

536 1078 761 1168 κιρκηλάτοντ’
780 1079 917 1166 άηδόνος.

281 1206 429 1269 Ver”sus
412 1227 529 1286 εγγαιος
551 1229 619 1288 sqq.
640 1209 872 1287 antistrophico:
897 1208 1019 1266 Πενθεῖ
1034 1203 1102 1265 νέον
1122 1193 1255 1265 ολκτον’
1238 1203 1339 1283 ηθέων
1354 1226 1414 1266 non

281 1293 457 1394 respondet.
437 1295 685 1353 tWellauerus
709 1295 956 1394 antistrophicpm
971 1301 1144 1390 corruptpm
1159 1300 1257 1390 putat.
1287 1291 1413 1350 Bothius

283 1381 314 1438 in
333 1379 500 1438 novissima
523 1378 597 1438 edit’
575 1387 657 1438 trone
673 1399 751 1439 voce
767 1371 865 1438 οἶκτον
888 1381 987 1438 eiecta
1008 1367 1126 1454 οἰκτρὸν
1150 1398 1217 1436 cum
1232 1367 1291 1434 linc
1305 1377 1413 1454 iungit,

283 1465 315 1522 in
330 1464 519 1562 antistropha
535 1466 646 1521 πενθεῖ
655 1461 771 1522 νέοικον
787 1452 886 1540 η’θέων
900 1463 1013 1523 scribit.
1043 1463 1132 1522 Haec
1149 1459 1413 1560 comprobaveris.

282 1549 321 1608 V.
340 1556 373 1612 57
389 1537 568 1625 olnrpdvita
589 1549 732 1626 languet,
754 1559 788 1609 ut
776 1551 1034 1628 tferrinequeet,
1055 1567 1145 1626 quam
1161 1566 1266 1605 vocem
1288 1547 1412 1605 eiicien-

284 1633 354 1692 dam
369 1654 436 1693 esse
460 1654 496 1692 eo
520 1643 698 1711 argumento
722 1635 926 1707 confirmatur,
949 1634 1030 1713 quod
1054 1633 1153 1691 eiecta
1173 1630 1298 1690 verbum
1313 1623 1414 1690 οἶκτον

283 1720 315 1778 in
331 1739 344 1778 s
346 1718 463 1797 t.ropha
478 1726 509 1776 et
530 1720 718 1798 antistropha
739 1719 868 1779 eundem
882 1719 982 1778 locum
1001 1717 1132 1792 obtinet3
1156 1715 1255 1796 qualis
1278 1715 1414 1776 eiusdem

283 1805 367 1864 vocis
385 1801 494 1862 eodem
510 1804 654 1881 strophae
673 1813 704 1863 et
721 1805 923 1884 antistrophse
940 1803 1006 1862 loco
1022 1802 1165 1880 repetitio
1182 1809 1245 1860 arte
1264 1803 1412 1882 quaesita,

166 1895 177 1914 “·
282 1909 343 1948 non
368 1888 503 1949 fortuita.
537 1889 704 1968 Reperitur
725 1889 807 1968 apud
825 1888 1012 1968 Aeschylum
1034 1909 1096 1947 non
1113 1907 1174 1946 uno
1194 1887 1277 1963 loc03
1299 1886 1413 1966 ubique

284 1973 445 2034 consilium
462 1982 604 2052 apparet,
627 1981 661 2032 ut
682 1995 775 2034 voces
796 1975 867 2033 illae
881 1973 993 2032 maiore
1007 1973 1039 2032 vi
1061 1971 1224 2032 efferantur
1242 1981 1273 2030 et
1287 1970 1412 2030 audien·

284 2059 378 2118 tasin
393 2058 584 2136 antistropha
602 2061 766 2122 consimilis
784 2060 968 2134 sententiae,
994 2077 1073 2137 quae
1090 2058 1121 2115 in
1136 2057 1261 2135 stropha
1276 2065 1337 2129 est,
1359 2055 1412 2114 ad·

282 2151 471 2204 moneantur.
508 2141 755 2204 Consentaneum
780 2155 826 2204 est
847 2152 983 2202 cantores
1005 2139 1107 2201 verbis
1129 2143 1191 2201 illis
1214 2140 1360 2201 canendis
1377 2161 1415 2200 ea

282 2229 367 2288 vocis
381 2227 528 2294 modulat'
506 2236 590 2288 tione
605 2250 674 2288 usos
685 2251 773 2327 esse,
796 2250 856 2310 qua
871 2227 1057 2288 audientium
1073 2228 1189 2286 animos
1208 2226 1413 2286 adverterent.

282 2314 348 2371 Iam
372 2314 471 2372 eiecta
493 2333 571 2372 voce
596 2303 715 2392 οἰκτρὸν
741 2315 886 2374 facillima
910 2333 1015 2372 versus
1035 2321 1069 2376 57
1093 2310 1283 2388 emendatio,
1314 2311 1414 2390 dispe-

283 2397 398 2456 scendh
425 2398 504 2457 enim
529 2398 664 2458 secunda
689 2401 774 2459 vocis
803 2397 917 2478 ἔγγαιος
940 2397 1077 2476 syllaba,
1105 2406 1139 2457 ut
1164 2405 1238 2458 resti
1215 2397 1343 2458 tituatur
1366 2416 1414 2456 re·

282 2483 421 2563 sponsio:

551 2580 636 2644 Ελόὲ
651 2588 736 2656 κορει·
748 2607 791 2656 τις
806 2581 892 2656 πέλας
907 2577 1095 2644 οἰωνοπόλων

549 2663 703 2767 ἔγγαιος
726 2661 825 2730 οἶκτόν
839 2659 923 2743 άΐων,

551 2746 665 2825 δοξάσει
687 2747 756 2812 τιν’
782 2744 939 2814 άκοόειν
961 2747 1019 2814 ὅπα
1034 2753 1086 2825 τάς
1103 2753 1233 2831 Τηρεΐας
1250 2774 1318 2834 sqq

284 2873 332 2932 Ol.
349 2873 476 2931 formam
491 2863 576 2948 γάιος
587 2873 668 2931 infra
679 2894 710 2933 v.
722 2883 783 2936 806.
811 2875 893 2934 Voce
909 2863 1022 2952 έγγάϊος
1036 2871 1142 2932 addita
1156 2873 1305 2952 oppositio
1321 2893 1416 2952 quae

283 2957 353 3016 dam
375 2963 497 3016 notatur
518 2958 598 3014 inter
619 2957 795 3036 indigenam
821 2967 851 3018 et
839 2959 1000 3024 tchorum
1020 2957 1151 3017 barbara
1171 2957 1303 3038 quodam
1325 2957 1415 3017 modo

282 3062 359 3102 voce
382 3049 518 3100 utentem
541 3041 585 3122 (ν.
603 3052 663 3104 111.
681 3031 860 3119 καρβᾶναδ’
878 3031 997 3122 αὐδάν).
1032 3044 1071 3104 V.
1087 3052 1220 3106 sitrecte
1237 3042 1415 3103 emendatus

235 3139 238 3146 “
283 3127 320 3186 ab
343 3125 509 3186 editoribus
531 3127 654 3207 qualem
677 3128 810 3188 exhibui.
846 3131 1041 3190 Wellauerus
1067 3129 1175 3205 vulgat
1177 3149 1225 3186 am
1246 3127 1416 3188 defendens

281 3211 359 3270 nihil
375 3213 448 3289 agit.
474 3211 517 3270 Iis
534 3232 613 3292 quae
629 3222 761 3312 sequent
762 3235 796 3272 ur
810 3215 914 3274 mirum
929 3223 1002 3274 sane
1017 3215 1172 3284 neminem
1186 3222 1310 3291 praeter
1323 3234 1417 3272 unum
1446 3233 1450 3241 ’

281 3297 326 3355 Βο
327 3297 423 3356 thium
442 3295 559 3356 vidisse
581 3299 751 3374 genitivum
773 3292 893 3374 μήνιδος
918 3299 956 3357 ab
977 3296 1095 3376 οἰκτρᾶς
1108 3297 1264 3375 pendere,
1289 3299 1416 3374 Τηρεΐας

282 3403 350 3442 cum
364 3369 474 3458 άλόγοο
492 3379 678 3459 iungendum
695 3404 772 3444 esse.
807 3384 1000 3443 Miserandae
1015 3385 1132 3442 Tereos
1147 3384 1251 3458 uxori,
1265 3383 1415 3442 lusciniae

281 3490 300 3528 a
317 3467 406 3527 circis
423 3468 564 3545 fugatae,
590 3465 742 3546 duplicem
761 3469 828 3528 trist
816 3470 901 3528 titiae
926 3478 957 3528 et
978 3455 1171 3548 querelarum
1193 3488 1330 3532 caussam
1346 3487 1414 3526 esse

282 3553 365 3628 dicit,
383 3554 503 3612 facinus
521 3550 632 3611 audaci
648 3555 774 3613 consilio
787 3561 992 3632 perpetratum
1005 3563 1035 3613 et
1050 3554 1153 3632 fugam
1169 3561 1292 3632 propter
1308 3553 1412 3609 cir.c0s

365 3655 405 3715 V.
420 3662 453 3718 97
472 3674 538 3734 sqq.
551 3642 608 3713 ’έΙδ
608 3644 718 3713 σθωδ’
738 3644 1034 3752 έςόβρινβρότειον,
1050 3647 1099 3712 οἷα
1177 3717 1184 3730 ,

552 3732 649 3808 νεάζει
659 3729 793 3837 πυθμην

555 3813 630 3881 δι’
612 3813 690 3900 αμὸν
704 3817 798 3903 γάμον
813 3811 845 3880 τό
860 3815 972 3896 θάλλος
989 3846 1057 3906 sqq.

279 3927 383 3986 Prima
399 3927 483 3986 vocis
497 3890 592 3996 νεάζει
604 3927 696 3986 litera
713 3923 905 3986 antecedent
884 3929 988 3985 trvoci
1003 3926 1107 3986 addita
1120 3922 1311 3986 scribendum
1325 3918 1366 3979 οἵ
1368 3942 1412 3979 αν

279 4003 385 4078 νεάζει.
412 4012 450 4068 In
465 4011 666 4088 sequentibus
680 4011 806 4070 Bothius
822 4017 889 4068 rect
891 4030 907 4069 e
922 4000 1092 4082 τεθαλεός
1109 4008 1291 4070 emendavit.

321 4110 361 4169 V.
376 4117 427 4169 104
441 4128 508 4186 sqq
534 4109 662 4167 Τοιαῦτα
678 4105 777 4170 πάθεα
791 4107 878 4186 μέλεα
893 4108 1042 4188 θρεομένη
1058 4107 1131 4190 λέγω

529 4189 617 4352 μργίέμ
628 4191 720 4272 βαρέα
735 4193 928 4271 δακρυοπετῆ.

532 4358 694 4439 ἰηλέμοισιν
711 4357 843 4439 ἐμπρεπῆ

531 4447 609 4520 ζῶσα
623 4439 703 4528 γόοις
719 4467 754 4525 με
770 4447 850 4530 τιμᾷ.
