3246 5328
292 412 332 471 48
648 413 689 464 De
707 411 835 478 Aeschyli
850 410 1060 478 Agamemnone.

174 615 183 632 ··
256 567 260 613 ¹
290 581 342 638 vel
359 589 590 639 sortemeorum
607 563 1327 654 111111111ο11111ο1,·1110110111111.3οφόβοςὸόμων
1346 564 1424 633 ὀνει-

290 655 448 742 ρόμαντις;
465 673 517 722 aut
531 665 712 741 interpretes
729 661 760 718 111
776 661 903 719 aedibus
915 671 1081 733 versantes,
1095 670 1131 718 ut
1146 679 1194 737 ap.
1206 659 1323 718 Herod.
1337 661 1423 733 VIII,

254 718 258 808 l
292 760 342 810 lll
364 747 396 807 οἱ
413 738 649 826 προφητεύοντες
670 743 722 801 τοῦ
751 743 840 822 ἱεροῦ.
884 745 923 804 V.
938 754 990 806 400
1012 765 1078 823 sqq.
1101 745 1235 822 corrupti
1257 753 1341 816 sunt,
1364 745 1424 802 nisi

292 834 372 913 quod
389 833 427 891 de
446 832 589 892 Menelao
603 849 771 889 sermonem
788 850 855 890 esse
871 849 1000 910 eumque
1015 829 1139 888 silentia
1154 830 1259 888 fovere
1279 828 1340 886 dici
1352 849 1421 887 con·

291 927 471 978 sentaneurn
492 924 547 975 est.
584 913 752 992 Perspicua
777 923 861 988 sunt,
890 934 970 994 quae
991 921 1167 993 sequuntur.
1203 915 1337 972 Tantum
1359 914 1424 972 eius

292 1023 359 1062 esse
376 1000 574 1074 desiderium,
599 1008 633 1058 ut
648 999 779 1057 futurum
794 1000 849 1073 sit,
862 1008 905 1057 vut
920 1019 980 1057 non
997 999 1077 1077 ipse,
1095 999 1150 1057 sed
1167 999 1265 1075 imago
1281 977 1442 1086 Helenael

291 1087 387 1146 oculis
411 1088 476 1144 eius
497 1104 617 1162 semper
638 1083 803 1142 obversans
828 1082 955 1143 aedibus
978 1084 1129 1160 imperare
1149 1082 1298 1142 videatur.
1334 1082 1423 1140 lllius

290 1161 383 1231 amor'r
397 1171 484 1230 nulla
495 1169 730 1241 oblectamenta,
749 1167 858 1246 quibus
870 1175 1007 1226 amantes
1023 1167 1192 1227 absentium
1206 1187 1336 1226 amorem
1353 1187 1423 1224 oon-

291 1256 385 1315 solari
405 1255 523 1313 soleant
540 1251 593 1331 (of.
609 1252 716 1330 Eurip.
736 1251 805 1310 Alc.
818 1261 878 1315 339·
899 1250 990 1312 ovid.
1006 1252 1135 1312 Heroid.
1154 1251 1245 1323 XIII,
1264 1249 1339 1329 152),
1362 1251 1422 1308 suf-

292 1341 420 1398 fectura.
454 1339 535 1397 Fore
551 1339 646 1410 enim,
668 1343 701 1394 ut
716 1355 815 1415 neque
832 1345 997 1395 statuarum
1013 1357 1113 1415 neque
1129 1338 1309 1396 somniorum
1324 1337 1423 1394 inanis

292 1424 458 1482 delectatio
486 1423 531 1480 illi
561 1422 693 1500 placeat.
736 1420 847 1479 Nonne
878 1419 1120 1498 indignissimum
1155 1429 1255 1480 eutem
1284 1419 1321 1477 ob
1349 1421 1424 1478 haec

292 1509 374 1567 mala
389 1518 482 1567 totam
506 1506 669 1566 Graeciam
691 1506 813 1563 summis
835 1505 1058 1565 calamitatibus
1078 1505 1187 1565 obruit
1214 1505 1422 1564 Disertissime

293 1595 373 1652 enim
396 1590 593 1673 sequentibus
614 1589 695 1648 mala
714 1589 850 1648 Menelai
868 1588 1034 1650 domestica
1050 1591 1139 1650 malis
1160 1591 1252 1650 totius
1271 1589 1422 1649 Graeciae

292 1678 397 1755 procul
416 1698 434 1734 a
448 1677 548 1754 patria
568 1674 733 1734 exantlatis
747 1682 951 1752 opponuntur:

546 1767 589 1834 Tol
604 1771 659 1850 μὲν
678 1761 746 1832 κατ’
762 1772 867 1845 οἴκους
882 1763 930 1849 ἐφ’
949 1771 1043 1845 ἑστίας
1057 1765 1113 1852 ἄχη

546 1850 618 1917 Ta't’
641 1854 703 1916 ἔστί
710 1900 719 1932 ,
734 1855 785 1916 καὶ
799 1847 887 1918 τῶνδ’
905 1849 1142 1936 ὑπερβατώτερα.

545 1933 586 2001 Ti
601 1943 662 2001 πᾶν
679 1934 707 2000 δ’
726 1934 919 2018 ἆφἝλλανος
936 1942 1005 2016 αἴας

546 2024 747 2106 Συνορμένοις
761 2025 887 2087 nivatam
901 2023 1088 2108 τηξικοὶρδιος
1102 2081 1106 2092 .

546 2106 654 2189 Δόμυν
669 2104 791 2171 ἑκάστου
805 2111 917 2188 πρέπει.

269 2211 271 2217 ’
292 2209 366 2275 Κατ’
383 2213 486 2285 οἴκους
503 2215 655 2292 significat
673 2213 767 2290 domi,
783 2217 815 2274 in
829 2217 937 2294 patria,
954 2217 993 2276 of,
1013 2215 1107 2295 Soph.
1122 2213 1201 2274 Oed.
1214 2215 1251 2272 R.
1262 2235 1291 2272 v.
1310 2220 1373 2274 1447
1390 2221 1421 2270 et

292 2301 453 2380 opponitur
475 2300 577 2358 verbis
600 2287 652 2374 ἀφ’
663 2291 808 2369 Ἕλλανος
823 2299 906 2373 αἴας,
931 2311 1036 2360 etune
1052 2300 1155 2358 domus
1171 2295 1277 2379 (ἐστίν)
1295 2298 1419 2376 opponi-

291 2395 339 2443 tur
360 2384 498 2442 domibus
521 2385 666 2458 omnium‚
694 2385 733 2441 cf.
761 2380 910 2459 ἓστιοῦχος
939 2387 1025 2445 Pers.
1050 2395 1111 2447 503.
1135 2385 1240 2443 Herm.
1263 2382 1302 2440 ad
1324 2381 1418 2459 Soph.

292 2470 403 2529 Trach.
420 2477 480 2530 261.
507 2468 613 2545 Antig.
631 2475 708 2529 1070.
746 2467 888 2528 Ceterum
903 2471 1041 2548 quamvis
1057 2470 1088 2526 in
1103 2479 1209 2550 aperto
1224 2469 1263 2526 sit
1284 2467 1363 2524 hunc
1382 2464 1420 2522 de

292 2554 437 2614 Menelao
454 2553 552 2611 looum
573 2571 687 2612 summa
711 2573 777 2610 curn
798 2555 894 2612 ironia
914 2553 1051 2634 tractari,
1076 2562 1178 2612 tamen
1198 2573 1235 2610 ca
1250 2551 1347 2610 ironia
1360 2570 1420 2608 non

293 2642 324 2700 in
342 2639 467 2698 oonsilio
486 2637 654 2710 hominum,
671 2658 744 2716 quos
763 2637 870 2696 chorus
886 2639 1047 2717 loquentes
1063 2638 1152 2712 facit,
1168 2638 1269 2696 inesse
1284 2633 1420 2714 putanda

294 2735 354 2795 est,
381 2743 456 2802 quos
472 2722 550 2780 haec
570 2722 707 2780 dicentes
725 2723 852 2780 multum
870 2723 1052 2798 ingemuisse
1076 2722 1119 2779 ait
1138 2741 1166 2778 v.
1180 2731 1246 2794 3963
1270 2719 1325 2778 sed
1340 2720 1420 2777 inest

293 2811 325 2866 111
346 2807 587 2884 comparatione,
615 2804 696 2884 quod
719 2807 801 2864 mala
823 2807 969 2864 amatoria
991 2826 1056 2864 cum
1084 2805 1171 2864 malis
1191 2804 1275 2863 bello
1296 2804 1419 2862 inflictis

294 2891 499 2950 conferuntur.

355 2975 495 3032 Iamvero
515 2972 595 3030 mala
614 2971 731 3031 civibus
750 2972 837 3032 illata
852 2993 967 3034 summa
983 2994 1048 3033 oum
1063 2971 1228 3033 acerbitate
1246 2972 1419 3033 describun-

294 3069 351 3118 tur.
383 3058 468 3135 eros
490 3056 530 3114 ad
551 3056 666 3115 bellurn
686 3058 815 3131 miserit,
845 3079 995 3139 quemque
1015 3079 1121 3134 nosse;
1144 3079 1199 3137 pro
1221 3060 1295 3118 viris
1318 3055 1419 3116 redire

182 3169 190 3182 ·
294 3145 437 3206 cinerem.
469 3141 558 3218 Quae
573 3141 611 3200 de
634 3143 732 3200 Marte
749 3142 832 3201 diota
847 3154 1026 3223 sequuntur,
1045 3143 1100 3202 illa
1114 3145 1310 3222 metaphorae
1325 3140 1418 3200 auda—

294 3229 342 3286 cia
363 3227 445 3285 diota
470 3235 554 3300 sunt,
586 3245 646 3304 qua
670 3227 844 3304 Aeschylus
867 3229 912 3285 uti
936 3237 1030 3302 amat,
1053 3238 1086 3286 ut
1113 3229 1252 3287 notiones
1279 3229 1359 3286 inter
1387 3243 1419 3284 se

293 3321 466 3390 pugnantes
486 3311 518 3367 in
546 3309 675 3368 eandem
696 3311 859 3388 imaginem
880 3313 994 3390 iungat.
1030 3313 1113 3371 Mars
1137 3322 1327 3391 comparatur
1353 3331 1420 3369 cum

292 3405 460 3454 mercatore
479 3414 583 3452 aurum
599 3404 781 3454 commutare
802 3397 959 3475 cupiente;
982 3417 1086 3455 aurum
1103 3405 1284 3456 commutare
1302 3395 1419 3465 dieitur,

294 3489 325 3539 at
346 3481 445 3558 pretio
470 3500 639 3557 corporum3
663 3479 772 3538 libram
791 3491 912 3554 tenere,
930 3501 990 3540 non
1012 3502 1074 3561 qna
1098 3501 1201 3540 aurum
1221 3489 1346 3558 penset,
1364 3476 1418 3536 sed

292 3566 403 3645 proelii
419 3574 529 3640 sortem
554 3563 715 3634 decernat3
737 3565 854 3625 misisse
876 3566 979 3626 amicis
1000 3566 1167 3643 particulas
1188 3563 1344 3633 nonaum,
1363 3557 1418 3617 sed

268 3661 272 3729 1
293 3651 413 3709 cineris.
455 3648 568 3724 Ψῆγμα
591 3649 672 3706 enim
686 3651 807 3726 proprie
823 3649 862 3708 de
878 3650 942 3708 auri
958 3650 1131 3730 particulis,
1151 3649 1188 3706 do
1203 3666 1296 3704 arena
1312 3659 1419 3701 aurosa

268 3734 417 3807 rdicitur,
441 3731 568 3809 γεμίζειν
591 3732 629 3790 de
654 3734 702 3806 iis,
730 3735 782 3811 qui
802 3754 897 3793 naves
911 3735 1061 3793 mercibus
1084 3741 1219 3791 onerant.
1252 3726 1417 3805 (1111111110-

294 3817 369 3892 dest,
383 3817 464 3898 quod
478 3819 595 3877 fortiter
606 3825 778 3895 pugnantes
793 3818 969 3877 occubuisse
983 3816 1143 3876 dicuntur?
1171 3816 1280 3872 Nonne
1293 3810 1330 3868 ob
1342 3809 1416 3867 alie-

292 3923 363 3960 nam
380 3903 538 3960 mulierem
553 3900 702 3960 cecidisse
723 3900 985 3978 indignissimum?

625 4014 667 4075 01
677 4009 703 4074 δ’
723 4007 816 4076 αὐτοῦ
830 4014 898 4096 περὶ
913 4020 1005 4093 τεῖχος

627 4094 729 4173 Θήκας
737 4091 860 4172 Ἰλιάδος
873 4100 927 4179 γᾶς

624 4176 778 4260 Ei'nopqaot
794 4180 979 4262 κατέχουσιν·
997 4176 1042 4258 ἒχ-

624 4258 686 4346 &pi
703 4259 729 4324 δ’
750 4267 870 4346 ἔχοντος
888 4267 1027 4344 ἔκρυψεν.
1423 4335 1427 4342 ¹

292 4372 379 4431 Alios
393 4372 473 4430 circa
489 4371 584 4450 ipsam
599 4367 723 4427 Troiam
745 4368 879 4444 sepultos
897 4377 1009 4426 terram
1022 4365 1162 4426 hostilem
1178 4367 1220 4426 ita
1235 4365 1349 4427 habere
1365 4369 1417 4442 ait,

254 4467 257 4474 ’
292 4467 325 4515 ut
342 4477 379 4515 ea
392 4456 563 4515 obruantur.
597 4450 704 4509 Facile
722 4452 802 4510 enim
814 4463 941 4531 apparet
956 4453 996 4512 ad
1012 4449 1132 4529 ἔχοντας
1147 4443 1259 4531 ἐχθράν
1274 4454 1417 4532 supplen-
