3246 5328
330 436 371 496 54
687 433 729 484 De
751 429 880 498 Aeschyli
894 429 1100 498 Agamemnone.

336 605 417 679 eum,
432 603 566 662 futurum
581 601 691 680 fuisse,
709 607 917 676 utappareret
933 616 1001 656 eum
1015 595 1183 669 hominnm,
1201 616 1253 676 qur
1245 597 1389 658 'facetiis
1404 600 1465 658 suis

335 711 354 750 a
368 689 485 766 tragica
504 645 691 746 sublimitate,
709 683 920 756 abhorrerent,
947 681 1079 759 ingeniis
1101 691 1132 740 et
1151 681 1282 742 moribus
1303 682 1466 761 pingendis

333 771 503 853 parimodo
519 770 704 831 excelluisse
722 777 814 850 atque
832 765 1073 845 Shakspearium
1094 767 1298 826 excellentem
1317 767 1465 828 videmus.

334 857 417 936 Quid
442 857 522 915 enim
550 852 704 914 multa?
696 873 728 912 ιιι
750 854 840 932 ipsis,
870 871 949 932 quae
978 859 1154 951 supersunt,
1178 850 1329 952 Aeschyli
1353 853 1466 912 fabulis
1499 921 1501 926 ,
1539 873 1542 880 ·

331 959 498 1021 personae,
515 959 594 1020 quae
609 937 650 998 ad
662 938 806 998 humilius
816 938 899 996 vitae
915 955 1012 1014 genus
1028 935 1197 1014 pertinent,
1218 938 1341 1015 saepius
1355 939 1399 997 ita
1413 937 1465 997 da·

332 1026 516 1100 scribuntur,
531 1034 566 1084 ut
580 1025 748 1083 sententias
755 1023 955 1099 ,orationem,
974 1041 1072 1080 mores
1087 1040 1199 1098 magna
1216 1041 1283 1081 cum
1299 1031 1364 1082 arte
1372 1043 1466 1104 ,qua-

333 1111 377 1170 lia
395 1109 477 1188 apud
492 1109 632 1167 homines
651 1107 734 1168 illius
750 1071 932 1167 donditionis
949 1126 1016 1166 esse
1032 1107 1146 1178 solent,
1166 1126 1313 1184 expressa
1329 1127 1396 1167 esse
1414 1128 1475 1186 ap·.

332 1203 451 1274 pareat.
481 1193 602 1253 Miraris
613 1193 752 1271 profecto
772 1191 930 1252 audaciam
942 1191 1106 1269 Aeschyli,
1123 1191 1178 1272 qui·
1189 1191 1302 1251 fabulis
1320 1193 1466 1267 intulerit,

308 1351 311 1358 .
334 1299 414 1360 quae
437 1278 521 1338 illius
534 1279 606 1337 aevi
632 1276 770 1337 homines
796 1275 992 1354 atragoedia
1010 1276 1115 1334 aliena
1137 1275 1290 1338 iudicasse
1307 1287 1466 1337 consenta-

332 1383 423 1424 neum
439 1373 495 1422 est.
530 1362 768 1423 Celeberrimnm
790 1363 855 1420 eius
874 1362 995 1438 generis
1015 1371 1239 1420 monumentum
1259 1363 1291 1421 in
1307 1361 1466 1441 Ohoepho-

331 1451 374 1508 ris
390 1457 492 1508 exstat
507 1449 633 1508 nutricis
651 1448 762 1522 oratio,
782 1466 842 1526 qua
856 1446 995 1504 inutilem
1010 1445 1164 1520 laborem,
1184 1466 1274 1526 quem
1288 1446 1398 1508 Oreste
1411 1469 1466 1507 nu-

333 1531 472 1593 tricando
486 1551 636 1613 perpessa
650 1533 703 1606 sit,
718 1531 924 1591 festivissimis
939 1530 1042 1589 verbis
1059 1529 1213 1589 describit.
1242 1531 1329 1590 Idem
1341 1533 1372 1590 in
1384 1531 1466 1611 Aga-

333 1637 492 1677 memnone
514 1637 645 1676 summus
670 1625 764 1694 poeta
789 1617 864 1675 fecit
891 1614 1075 1674 excubitoris
1101 1623 1131 1674 et
1149 1617 1309 1694 praeconis
1329 1619 1467 1694 personis

334 1701 615 1776 describendis,1n
637 1720 762 1781 quorum
783 1699 970 1760 sermonibus
987 1709 1033 1760 tot
1053 1701 1216 1778 imagines,
1233 1701 1340 1781 quibus
1356 1703 1466 1762 oratio-

333 1807 404 1846 nem
418 1786 572 1845 illustrare
593 1785 734 1860 student,
755 1805 794 1845 ex
809 1771 958 1845 communi
972 1785 1038 1844 vita
1054 1785 1210 1845 desumtae
1226 1794 1257 1844 et
1274 1787 1377 1846 nescio
1393 1787 1468 1867 quid

333 1870 444 1931 ludicri
460 1891 535 1950 prae
551 1890 584 1930 se
596 1871 697 1930 ferent
685 1880 747 1945 tes,
768 1879 815 1931 tot
828 1870 997 1929 locutiones
1012 1869 1236 1948 proverbiales,
1252 1869 1385 1951 denique
1402 1892 1466 1932 ora·

332 1957 376 2015 tio
390 1965 453 2015 tam
473 1973 566 2036 saepe
589 1955 737 2034 impedita
754 1965 786 2015 et
807 1955 990 2034 interrupta,
1011 1963 1045 2012 ut
1070 1974 1108 2013 ea
1128 1976 1191 2014 non
1211 1975 1284 2014 casu
1299 1956 1350 2014 vel
1368 1957 1486 2034 negli.

333 2042 438 2118 gentis
459 2039 607 2120 quadarn,
630 2039 685 2099 sed
711 2041 839 2100 consilio
865 2049 897 2098 et
911 2059 1023 2117 magna
1046 2059 1113 2098 cum
1129 2049 1193 2099 arte
1210 2049 1384 2119 comparata
1400 2062 1467 2102 esse

264 2163 269 2172 ·
332 2133 447 2204 pateat.
478 2123 600 2203 Operae
610 2126 741 2203 pretium
759 2126 825 2200 erit,
839 2125 960 2184 illarum
974 2143 1169 2203 personarum
1184 2145 1321 2185 sermone
1337 2126 1465 2204 diligen·

332 2211 392 2270 tius
407 2210 581 2269 examinato
595 2210 763 2284 indicasse,
779 2229 859 2289 quae
875 2209 914 2267 ab
930 2207 1088 2288 Aeschylo
1101 2229 1137 2268 eo
1151 2209 1277 2270 consilio
1288 2212 1389 2290 posita
1400 2231 1467 2271 esse

332 2294 507 2354 videantur.

395 2377 566 2437 Excubitor
580 2376 755 2454 vigiliarum
771 2379 1053 2454 impatientissimus
1067 2379 1208 2438 miseram
1220 2398 1304 2437 suam
1320 2379 1467 2439 conditio·

331 2482 402 2522 nem
417 2463 563 2543 queritur.
599 2460 647 2524 Ob
659 2463 881 2540 impatientiam
896 2484 926 2522 v.
939 2471 956 2522 2
970 2455 1040 2523 vo'ci
1056 2458 1148 2534 ἐτείας
1162 2462 1243 2522 bene
1252 2463 1348 2539 μῆκος
1363 2485 1467 2542 super-

331 2546 485 2623 additum,
507 2567 636 2627 eamque
658 2549 701 2606 ita
723 2548 837 2625 pingit,
859 2555 894 2606 ut
914 2565 947 2606 sa
968 2547 1114 2608 excubias
1135 2555 1276 2625 agentem
1292 2550 1351 2608 iam
1367 2548 1469 2608 sidera

332 2653 495 2711 eorumque
512 2643 593 2692 ortus
612 2641 642 2690 et
665 2636 790 2692 occasus
807 2629 970 2690 edidicisse
991 2633 1130 2692 affirmet.
1167 2631 1256 2709 Quae
1271 2634 1376 2712 lepida
1393 2635 1466 2693 ima-

330 2718 412 2816 gine
425 2716 515 2791 dicit,
536 2717 637 2776 sidera
657 2716 811 2774 hominum
833 2717 1025 2790 concionem,
1049 2717 1138 2793 signa
1155 2716 1282 2776 Zodiaoi
1308 2721 1373 2778 eius
1397 2739 1467 2778 con-

333 2799 429 2858 cionis
446 2819 534 2876 reges
549 2800 720 2878 appellans.
750 2801 834 2860 Face
851 2809 1015 2879 conspecta
1031 2821 1060 2861 v.
1075 2810 1108 2862 32
1123 2821 1300 2880 prosperum
1315 2813 1467 2880 eventum,

325 2903 422 2968 quem
435 2901 485 2942 rea
500 2885 608 2944 herilis
626 2884 768 2944 habitura
780 2886 838 2982 pit,
840 2886 904 2983 this
919 2886 1020 2945 verbis
1036 2885 1196 2945 describit:

538 2990 574 3026 ια
562 2957 788 3028 δεσποτῶν
750 2989 811 3068 yep
827 2953 861 3028 εὖ
874 2962 1000 3028 πεσόντα
1016 2963 1152 3052 θήσομαι

540 3049 634 3130 spici
636 3053 811 3131 ξβαλοιισιις
825 3052 912 3129 tried}
932 3075 983 3132 μοι
1000 3033 1188 3134 φρυκτωρίας

286 3203 289 3210 ,
330 3136 513 3217 metaphora
530 3157 549 3197 a
569 3139 640 3198 talis
661 3138 808 3198 desumta
847 3141 918 3202 Scio
943 3142 1085 3220 equidem
1105 3141 1296 3240 Aeschylum
1311 3143 1468 3244 metapho-

329 3243 394 3282 ram
408 3223 531 3302 saepius
549 3224 651 3283 atalia
665 3233 787 3302 petere,
808 3233 842 3284 ut
857 3225 943 3304 Sept.
960 3248 985 3287 a
1000 3227 1060 3286 Th.
1082 3235 1143 3288 410
1160 3216 1291 3305 ἔργονιι’
1313 3222 1346 3285 ἐν
1363 3223 1469 3306 κύβοις

321 3298 416 3386 ”qug
432 3310 544 3385 κρινεῖ,
566 3317 598 3367 at
617 3317 699 3368 certo
714 3310 868 3369 talorum
860 3320 942 3370 tactu
958 3321 1190 3372 commemorato
1206 3313 1400 3391 proverbium
1413 3313 1468 3372 ha·

329 3393 385 3453 bes
408 3413 426 3452 e
449 3395 599 3452 communi
619 3395 686 3453 vita
705 3394 877 3455 desumtum
901 3405 932 3455 et
954 3418 972 3455 a
987 3397 1183 3476 scriptoribus
1203 3400 1326 3458 comicis
1345 3399 1468 3476 saepius

329 3480 491 3553 usitatum,
519 3480 558 3540 cf.
571 3479 684 3540 Blomf.
700 3481 792 3557 gloss.
807 3514 849 3522 -
865 3479 1131 3560 Clytaemnestrae
1148 3503 1216 3540 eum
1230 3478 1380 3576 A'egistho
1396 3502 1467 3539 con·

329 3563 522 3625 suetudinem
535 3565 607 3625 silet
622 3565 781 3625 excubitor
796 3574 880 3624 metu
892 3587 1022 3645 poenae,
1037 3589 1068 3626 v.
1077 3576 1119 3630 36
1136 3564 1210 3642 βοῦς
1222 3561 1270 3623 ἐπὶ
1285 3556 1403 3645 γλώσσῃ
1416 3560 1467 3640 μέ-

328 3669 384 3726 γας
397 3646 539 3725 βέβηκεν,
556 3651 637 3728 quod
652 3650 847 3728 proverbium
861 3670 916 3727 pro
931 3652 1038 3709 humili
1055 3650 1241 3710 excubitoris
1259 3623 1433 3707 conditidne
1449 3668 1466 3706 c

328 3733 395 3791 vita
416 3736 565 3800 communi
584 3736 715 3812 petitum
737 3755 804 3794 esse
832 3737 900 3813 quis
921 3734 1062 3793 dubitet?
1090 3732 1210 3792 Eadem
1232 3733 1283 3790 vel
1299 3732 1405 3792 similis
1422 3734 1467 3793 lo-

330 3817 412 3876 cutio
434 3817 516 3894 apud
536 3817 749 3896 Theognidem
772 3828 803 3877 et
828 3818 1030 3878 Menandrum
1048 3818 1169 3892 legitur.
1206 3817 1240 3876 si
1259 3825 1354 3894 poeta
1374 3818 1467 3877 subli-

329 3901 423 3958 miore
446 3902 581 3959 0ratione
600 3905 644 3960 uti
659 3902 823 3974 voluisset,
845 3923 900 3980 pro
912 3900 990 4001 βοῦς
1004 3897 1084 3970 κλεὶς
1099 3899 1242 3975 dixisset,
1258 3910 1292 3959 ut
1307 3902 1339 3959 in
1357 3902 1466 3980 frmagm

330 4002 378 4059 ap.
397 3981 494 4040 Olera
513 3982 606 4040 Alex
623 3985 689 4055 (302
637 3975 783 4060 302)ιἰλλ’
803 3947 863 4043 tlon
884 3976 974 4060 κάμοὶ
988 3979 1069 4054 κλεὶς
1086 3977 1133 4040 ἐπὶ
1147 3947 1284 4065 yloiodcp
1298 3977 1405 4060 φύλαξ
1425 3990 1465 4047 cf.

331 4065 424 4141 Soph.
444 4063 521 4124 Oed.
539 4064 688 4130 Ool.1051
706 4077 738 4126 et
756 4069 808 4128 all
825 4069 859 4129 ll.
890 4067 1053 4128 anterum
1068 4068 1211 4127 mulctam
1233 4071 1467 4172 intelligendam

330 4168 398 4208 essa
414 4147 548 4208 dubitari
567 4171 628 4209 non
642 4159 760 4229 potest,
777 4162 808 4210 et
821 4152 898 4212 bos'
890 4174 922 4212 ιιι
938 4153 1071 4231 antiquis
1089 4152 1323 4214 Atheniensium
1337 4159 1466 4216 nummis

329 4231 515 4291 didrachmis
537 4253 626 4293 cusus
648 4244 730 4308 erat,
752 4236 836 4313 quod
861 4236 955 4296 tradit
976 4237 1070 4298 schol
1091 4237 1246 4317 Aristoph.
1261 4241 1322 4302 Av.
1338 4263 1368 4302 v.
1388 4251 1465 4315 1106,

328 4337 428 4418 quem
440 4317 541 4376 locum
560 4319 640 4378 male
663 4321 936 4420 praetermiserunt
956 4323 1098 4382 editores.
1137 4323 1271 4395 Floriano
1294 4330 1465 4399 Λαυριωιι-

328 4392 428 4461 ιιαί·ε
414 4421 433 4478 ιι
456 4391 549 4500 ylarii
570 4398 618 4462 tat
641 4396 827 4504 χαράγιιαιος
853 4387 893 4480 ἦν
912 4403 1150 4507 ιετραιιράχμου,
1174 4398 1214 4480 ὡς
1237 4404 1464 4486 Φιλόχορος·

327 4479 444 4564 ἐκλήθη
465 4484 498 4548 δὲ
517 4478 550 4548 τὸ
565 4482 698 4567 νόμισμα
717 4484 781 4549 τότε
801 4475 949 4570 γιαύξ·
930 4514 970 4570 ιιι
984 4483 1041 4573 γὰρ
1055 4483 1201 4572 γλαιιξέιι
1179 4493 1307 4571 ιιίσημον
1322 4489 1372 4552 καὶ
1390 4487 1465 4571 πρό-
